3478 5438
410 839 559 915 228

408 1300 555 1376 229

407 1761 555 1837 230

408 2225 539 2300 231

408 2687 553 2765 232

410 3152 551 3227 233

408 3608 554 3687 234

1296 467 1635 520 omnm.

848 604 1071 678 immo
1107 602 1260 703 ejus
1294 601 1611 702 episoopi

849 717 1111 818 privati
1140 724 1217 793 et
1251 717 1619 794 domestici

949 833 1367 931 inceperunt
1400 833 1721 934 recipere

849 949 1237 1051 legationes
1270 954 1585 1026 manasse

849 1065 1069 1141 oblito
1104 1064 1299 1162 quod
1334 1066 1744 1164 nuperrime

852 1180 1317 1256 decreverant
1350 1178 1742 1256 attendere.

946 1295 1322 1372 Mandabat
1356 1295 1545 1370 enim
1582 1295 1880 1396 gmndia

848 1416 1203 1488 manasses
1240 1411 1377 1486 illis
1408 1436 1730 1502 munera,

850 1528 1115 1604 scilieet
1146 1529 1557 1628 municipia,

846 1643 1073 1734 villas,
1114 1651 1345 1720 tems
1376 1652 1448 1720 et
1484 1644 1774 1743 predin3

944 1785 1225 1850 aurum,
1266 1766 1668 1860 argentum,
1710 1759 2042 1848 honores,

848 1900 967 1950 res
999 1877 1212 1950 etiam
1246 1875 1696 1974 multiplices,

848 2016 1034 2090 quae
1066 1991 1294 2091 magis
1330 1999 1494 2066 sunt
1530 1991 1874 2066 amabiles

846 2106 1041 2205 apud
1076 2131 1331 2182 avaros
1365 2107 1713 2182 homines.

944 2227 1089 2298 Heo
1124 2245 1269 2296 non
1302 2222 1595 2296 mandat
1628 2221 2051 2312 minoribus,

848 2338 979 2414 sed
1012 2339 1289 2440 magnis
1325 2345 1397 2412 et
1432 2337 1870 2438 potentibus,

846 2463 922 2528 et
952 2454 1063 2530 his
1098 2455 1225 2554 qui
1258 2462 1563 2556 possunt
1593 2455 1846 2530 melius

846 2579 922 2645 et
954 2570 1128 2646 foris
1160 2579 1233 2644 et
1268 2571 1588 2646 interius.

946 2685 1227 2763 Mandat
1260 2693 1335 2762 et
1366 2685 1505 2761 illis
1538 2685 1870 2761 omnibus

848 2802 971 2901 qui
1008 2803 1251 2879 vivere
1284 2801 1378 2877 de
1412 2801 1737 2902 raptibus

848 2925 921 2991 et
954 2917 1047 2993 de
1078 2918 1607 2994 venditionibus

848 3034 1117 3109 eunctis
1150 3034 1464 3133 gaudent
1496 3034 1968 3134 temporibus,

945 3151 1335 3225 manassem
1369 3150 1545 3225 tales
1582 3150 1902 3238 audiunt,

846 3262 996 3339 suis
1028 3265 1401 3361 promissis
1436 3274 1757 3341 annuunt

848 3386 919 3453 et
946 3378 1099 3477 jam
1134 3377 1271 3453 sibi
1301 3379 1725 3455 assentiunt¹

847 3501 921 3567 et
954 3492 1249 3569 obedire
1286 3495 1605 3593 eupiunt.

946 3608 1123 3683 Hine
1156 3618 1377 3710 agunt
1410 3610 1897 3686 eonventimla

848 3732 1061 3822 atque
1096 3725 1579 3815 ooneiliabnh,

850 3848 1159 3941 querunt
1192 3842 1611 3952 execrabilia

846 3957 1269 4034 alterutrum
1298 3959 1611 4035 consilia.

482 4212 533 4269 1.
574 4215 905 4269 assentiunt.
940 4212 1101 4271 Dans
1130 4212 1184 4271 le
1213 4230 1324 4271 ms.
1355 4218 1690 4271 assensium.

2465 473 2520 524 ⁴1
