3478 5438
879 459 941 511 42

880 596 1024 672 235

878 1058 1024 1134 236

882 1518 1027 1595 237

878 1973 1027 2049 238

884 2438 1029 2514 239

886 2899 1030 2976 240

887 3360 1018 3440 24⁴

890 3827 1037 3905 242

1835 459 2042 512 ausu

1416 594 1545 668 Hic
1576 593 1774 668 illum
1805 592 2046 668 verbis
2083 592 2370 670 attrahit

1320 719 1391 785 et
1426 710 1541 784 ille
1578 710 1796 785 istum
1831 709 2101 809 arguit3

1320 825 1443 924 qui
1476 833 1588 901 est
1623 825 1914 900 allectus
1947 823 2156 900 allicit

1318 949 1389 1015 et
1425 939 1545 1038 qui
1584 938 1928 1038 deceptus
1963 939 2250 1039 decipit.

1414 1060 1589 1132 Fere
1622 1080 1874 1130 omnes
1907 1056 1980 1130 in
2015 1054 2348 1134 domibus
2361 1113 2381 1147 ‚

1314 1172 1391 1247 in
1426 1171 1742 1272 prandiis
1777 1178 1851 1246 et
1883 1172 2171 1271 potibus

1316 1296 1389 1363 et
1424 1288 1497 1362 in
1533 1287 1711 1364 locis
1747 1287 2089 1363 similibus

1309 1403 1455 1504 jam
1492 1402 1822 1479 locuntur
1856 1403 1946 1478 de
1982 1403 2265 1480 talibus.

1420 1519 1760 1595 Paulatim
1795 1519 2018 1594 exivit
2051 1519 2246 1595 foras

1320 1635 1705 1733 impiorum
1741 1635 2115 1735 cupiditas,

1316 1767 1499 1840 quos
1534 1766 1675 1816 non
1710 1749 1907 1818 tenet
1940 1742 2268 1831 fidelitas,

1317 1865 1839 1934 sacramentum
1875 1883 2008 1934 nec
2041 1859 2330 1933 veritas.

1416 1972 1748 2048 Nituntnr
1783 1973 1978 2047 omni
2015 1972 2254 2048 studio

1318 2087 1561 2187 presul
1600 2088 1984 2164 Galcherus
2017 2089 2384 2187 quomodo

1319 2206 1432 2280 vel
1468 2231 1615 2304 quo
1652 2206 1882 2305 possit
1915 2205 2200 2308 ingenio

1318 2320 1487 2421 pelli
1522 2321 1615 2397 de
1650 2323 2042 2421 pontificio.

1420 2441 1619 2513 Nunc
1651 2446 1918 2536 potest,
1961 2437 2022 2512 si
2053 2463 2198 2512 non
2231 2438 2487 2528 audeo,

1321 2553 1452 2626 hec
1485 2553 1601 2628 vel
1637 2553 1942 2627 clamare
1975 2552 2270 2652 scriptio

1322 2667 1519 2768 quod
1552 2675 1715 2743 orta
1747 2675 1859 2744 est
1893 2667 2181 2744 traditio

1320 2784 1415 2860 de
1450 2785 1792 2862 Galchero
1825 2786 2192 2885 episcopo.

1424 2902 1535 2977 Ab
1568 2901 1705 2977 illis
1739 2900 1930 2975 enim
1963 2900 2240 2977 litterae

1324 3018 1467 3092 cito
1499 3016 1880 3092 mittuntur
1913 3020 2254 3105 Manasse‚

1323 3132 1499 3208 haec
1534 3156 1627 3207 ex
1656 3140 1813 3207 toto
1849 3131 2206 3207 nesciente

1324 3247 1485 3346 ipso
1521 3246 1862 3321 Galchero
1897 3246 2208 3345 presule.

1424 3368 1729 3463 Rogant,
1770 3372 2154 3461 precantur
2187 3386 2322 3461 per
2355 3388 2477 3439 eas

1328 3487 1408 3555 ut
1445 3504 1739 3579 presens
1775 3477 1968 3578 apud
2003 3481 2318 3554 Avesnas

1327 3594 1782 3694 presentibus
1815 3595 2087 3693 absque
2121 3618 2326 3671 mora

1327 3711 1754 3786 collocutum
1789 3710 2144 3785 adveniat.

1425 3828 1629 3905 Venit
1664 3826 1757 3901 ad
1793 3852 1936 3931 eos·
1953 3832 2305 3902 Manasses

1328 3943 1403 4017 in
1435 3942 1593 4016 loco
1629 3942 1752 4039 qui
1786 3941 2152 4041 predictus
2186 3950 2320 4031 est,

1331 4057 1453 4133 ubi
1492 4058 1875 4133 Galcherus
1912 4058 2232 4155 pontifex

1332 4174 1453 4249 tali
1487 4174 1707 4250 modo
1741 4172 2070 4249 venditus
2107 4180 2242 4249 est.
