3478 5438
994 459 1083 511 lm
1947 456 2150 509 ΕΜΔ

1562 667 1687 733 ne
1730 664 2106 749 neqmua
2147 664 2526 733 comm.

995 876 1137 947 448
1528 873 1717 943 Haec
1750 878 1861 945 est
1894 869 2046 970 ejus
2083 866 2359 944 occasio

1430 986 1679 1059 stantis
1712 985 1786 1059 in
1824 986 2179 1061 desiderio

1428 1124 1570 1197 qua
1604 1124 1842 1189 causa,
1885 1124 2032 1198 quo
2063 1098 2348 1201 ingenio

1426 1216 1642 1290 immo
1680 1241 1828 1315 quo
1865 1216 2090 1316 possit
2127 1216 2384 1291 merito

1422 1332 1778 1407 contraire
1813 1332 2180 1431 episcopo.

989 1451 1131 1523 449
1520 1448 1653 1539 Qui
1687 1448 1957 1546 presuli
1990 1447 2401 1523 continuum

1424 1564 1499 1637 in
1534 1563 1754 1637 corde
1788 1563 2024 1639 ferens
2059 1562 2331 1652 odium,

1426 1678 1697 1753 habens
1731 1679 1805 1753 in
1842 1704 1918 1753 se
1954 1678 2392 1767 demonium,

1426 1818 1571 1868 non
1605 1793 1792 1867 ultra
1827 1792 2007 1867 celat
2042 1792 2357 1869 animum
2401 1821 2415 1864 :

992 1914 1131 1991 420
1524 1909 1653 1985 sed
1690 1911 1919 2010 aperit
1957 1910 2342 2009 nequitiam

1424 2028 1495 2101 in
1532 2024 1750 2101 corde
1786 2052 1917 2101 suo
1952 2026 2266 2101 habitam

1425 2140 1675 2217 fraude
1709 2140 1846 2216 diu‘
1869 2140 2381 2216 absconditam.

1424 2259 1556 2348 Qui
1594 2282 1735 2332 non
1775 2256 2106 2333 diffidens
2141 2255 2526 2357 presulem,

990 2370 1119 2447 424
1524 2372 1901 2449 Castellum
1937 2371 2236 2471 requirit
2271 2376 2548 2447 Novum

1424 2512 1764 2587 magnum
1799 2488 2066 2563 ducens
2101 2486 2524 2576 exercitum,

1423 2603 1767 2678 assultum
1803 2602 1982 2677 dans
2017 2603 2508 2693 fortissimum,

1424 2718 1650 2818 captis
1684 2718 1964 2794 minans
1999 2721 2391 2794 interitum.

989 2837 1133 2913 422
1522 2841 2027 2914 Verumtamen
2065 2835 2472 2910 castricolae

1424 2977 1501 3026 se
1538 2949 1926 3025 defendunt
1963 2953 2331 3038 acerrime,

1423 3066 1623 3141 illum
1658 3067 1784 3140 Dei
1813 3066 2176 3165 juvamine

1420 3181 1925 3279 compellentes
1961 3180 2323 3256 recedere.

986 3294 1127 3371 423
1518 3301 1717 3371 Nunc
1753 3297 1976 3394 iniqui
2012 3297 2370 3394 iniquitaS,

1332 3484 1353 3501 ,
1423 3437 1608 3488 nunc
1643 3411 1872 3488 dolosi
1913 3410 2252 3487 dolositas

1420 3527 1724 3628 probata
1761 3535 1871 3603 est
1905 3535 1980 3603 et
2013 3527 2297 3628 cognita

1418 3667 1552 3740 per
1586 3642 1742 3716 loca
1779 3641 2068 3741 quidem
2106 3639 2438 3740 plurima.

986 3753 1127 3832 ⁴24
1519 3759 1719 3830 Nunc
1753 3755 2084 3856 perjurus
2121 3754 2479 3830 Gerardus
2515 3763 2649 3843 est,

1413 3868 1685 3968 perjuri
1722 3879 1888 3946 sunt
1923 3881 1997 3946 et
2033 3871 2416 3969 complices
2519 3939 2526 3946 .

1417 3985 1635 4061 Gilius
1670 3987 2056 4062 Montensis
2087 3987 2364 4062 comcs¹

1050 4206 1103 4262 1.
1144 4203 1223 4260 Ge
1251 4203 1453 4278 Gilles,
1484 4204 1685 4280 appele
1714 4205 1792 4264 ici
1819 4207 1890 4264 de
1919 4207 2107 4281 Mons,
2140 4215 2200 4265 ot
2227 4206 2354 4282 plus
2381 4207 2484 4264 bas
2521 4209 2639 4280 (atr.
2671 4207 2794 4280 218)
2825 4207 2898 4264 de
2925 4207 3092 4280 chin,
