3478 5438
468 834 558 903 90

467 1292 544 1362 91

470 1755 564 1828 92

469 2217 562 2288 93

473 2675 569 2751 94

473 3144 566 3213 95

474 3610 570 3678 96

479 4070 572 4139 97

1241 461 1630 514 nummum.
1661 465 1700 512 1.

849 596 1220 698 magnifice
1253 596 1728 696 compositum

851 713 1237 811 receptioni
1276 739 1670 814 pauperum
1683 773 1702 804 ‚

950 829 1146 927 quod
1181 829 1382 904 urbis
1415 830 1624 930 hujus
1660 832 1979 930 presules

851 952 924 1019 et
959 943 1379 1018 clericorum
1415 943 1696 1034 divites,

851 1057 1094 1146 casati,
1137 1058 1354 1147 cives,
1395 1057 1652 1134 milites

852 1172 1330 1249 hereditat-ant
1365 1172 1666 1272 pleniter

951 1286 1044 1362 de
1079 1287 1228 1362 suis
1261 1287 1645 1378 beneficiiS,

854 1404 944 1478 de
980 1403 1313 1491 culcitris,
1357 1401 1446 1477 de
1482 1402 1733 1492 feodis,

853 1518 944 1594 de
979 1518 1219 1608 terris,
1265 1517 1354 1592 de
1392 1517 1640 1593 alodiis

853 1642 926 1708 et
960 1632 1203 1708 multis
1235 1632 1452 1710 rebus
1489 1632 1667 1709 aliis.

955 1753 1104 1824 Hoc
1139 1747 1484 1848 hospitale
1521 1751 1800 1824 Domini

855 1865 966 1940 cui
1002 1863 1338 1939 volebant
1369 1864 1636 1939 homini

855 1979 1328 2080 disponebant
1361 1981 1676 2079 episcopi

857 2096 1212 2198 egentium
1248 2096 1598 2196 regimini.

953 2211 1100 2288 Sub
1135 2209 1590 2308 antiquorum
1625 2219 1951 2310 tempore

860 2335 1096 2403 rector
1129 2326 1339 2427 hujus
1375 2327 1736 2402 custodiae

861 2453 1159 2544 propter
1195 2443 1495 2518 salutem
1529 2442 1805 2518 animae

861 2558 1189 2635 studebat
1225 2559 1408 2634 bene
1443 2559 1698 2634 facere.

957 2680 1150 2751 Tunc
1183 2675 1528 2774 temporis
1565 2675 1656 2751 de
1691 2675 2024 2751 omnibus

860 2790 1265 2867 abundabat
1296 2792 1421 2867 Dei
1457 2790 1741 2881 domus,

862 2907 955 2982 de
985 2906 1290 2982 diversis
1323 2907 1729 3007 pecoribus,

860 3022 1124 3123 porcis,
1165 3023 1396 3097 vaccis
1433 3031 1504 3097 et
1540 3024 1821 3099 ovibus.

957 3137 1098 3215 Sed
1133 3138 1553 3215 succedente
1588 3138 1810 3212 altero

859 3264 1027 3385 post
1061 3254 1363 3329 alterum
1399 3253 1736 3353 episcopo

861 3370 934 3443 in
969 3368 1288 3471 pejorem
1325 3367 1416 3443 de
1452 3369 1761 3499 maligno

865 3485 1204 3561 successit
1235 3485 1409 3561 haec
1443 3484 1781 3585 provisio.

962 3602 1350 3677 Minoratur
1385 3601 1574 3675 enim
1610 3601 1869 3676 domus

864 3716 1106 3816 pravis
1141 3715 1726 3805 successionibus,

865 3860 906 3907 a
941 3838 1221 3906 rectore
1253 3830 1656 3931 negligitur,
1741 3910 1749 3919 ,

867 3976 906 4023 a
944 3948 1237 4023 custode
1273 3946 1628 4046 diripitur.

965 4064 1092 4154 Qui
1131 4088 1248 4137 res
1285 4064 1434 4163 ejus
1471 4062 1900 4151 custodiunt,

867 4180 987 4277 qui
1016 4188 1284 4267 tenent,
1328 4180 1448 4276 qui
1483 4178 1832 4277 recipiunt

2434 467 2521 520 135
