3478 5438
968 492 1061 546 218
1921 488 2129 540 GBSTA

1402 622 1828 700 maledicunt
1863 629 1937 696 et
1969 621 2112 698 diei

1401 764 1548 840 quo
1582 737 1872 812 intravit
1905 744 1979 812 et
2013 736 2328 812 ascendit

1402 855 1492 929 ad
1528 855 1806 929 culmen
1843 852 2210 951 episcopii.
2255 900 2265 908 -

969 978 1047 1047 34
1064 977 1111 1051 2
1500 971 1627 1048 Cui
1660 971 1735 1044 in
1771 969 2188 1044 necessitate

1402 1112 1547 1163 non
1580 1092 1920 1162 verentur
1951 1083 2330 1160 ostendere

1404 1202 1567 1303 quia
1598 1210 1846 1276 contra
1881 1224 2046 1274 eum
2082 1200 2288 1274 valde

1399 1318 1557 1393 irati
1592 1325 1759 1393 sunt
1789 1339 1922 1416 pro
1957 1319 2291 1416 Symone,

971 1439 1046 1510 34
1065 1441 1108 1509 3
1498 1457 1587 1508 eo
1623 1431 1819 1530 quod
1856 1431 2151 1506 dederat
2183 1430 2252 1507 ei

1397 1549 1808 1624 firmitatem
1843 1547 2310 1634 Sanctoberti‚

1401 1665 1493 1739 de
1529 1688 1673 1762 quo
1704 1661 2130 1738 estimabant
2163 1660 2300 1736 sibi

1400 1779 1687 1853 evenire
1723 1777 1936 1853 nichil
1971 1778 2169 1852 boni.
2261 1779 2264 1784 ’

966 1898 1044 1970 34
1060 1895 1108 1970 4
1498 1900 1587 1970 Et
1619 1893 1852 1968 stultis
1885 1893 2308 1968 maledicere

1402 2035 1544 2085 non
1576 2010 1834 2084 sufficit
1869 2009 1961 2084 de
1998 2009 2304 2108 presule,

1402 2126 1530 2201 sed
1565 2123 1926 2200 minantur
1959 2126 2344 2223 deponere,

1397 2241 1643 2341 fugare
1678 2248 1803 2314 aut
1837 2240 2184 2316 cecidere.

965 2360 1044 2429 34
1063 2359 1107 2429 5
1494 2361 1886 2452 Tamquam
1920 2379 2170 2430 omnes
2199 2354 2342 2432 sint
2375 2355 2596 2430 insani

1398 2472 1727 2547 locuntur
1763 2469 1852 2545 de
1890 2470 2044 2570 lege
2080 2471 2232 2559 Dei,

1398 2587 1491 2662 de
1524 2586 1795 2661 honore
1831 2585 2179 2684 episcopi,

1397 2703 1491 2778 de
1524 2709 1709 2777 statu
1747 2701 1856 2777 sui
1891 2701 2161 2776 domini

966 2822 1043 2891 34
1062 2822 1107 2891 6
1495 2842 1637 2893 non
1674 2818 1857 2893 sicut
1888 2818 2042 2917 ejus
2077 2818 2398 2895 homines

1398 2933 1759 3009 christiani
1791 2942 1868 3009 et
1901 2932 2176 3021 fideles,

1398 3049 1526 3125 sed
1562 3049 1744 3125 sicut
1779 3049 2002 3148 aperti
2039 3049 2303 3137 hosteS,

1397 3173 1739 3264 quantum
1776 3163 2039 3240 audent
2071 3171 2574 3265 repugnantes.

964 3283 1103 3354 347
1495 3280 1824 3355 Seniores
1861 3280 2218 3357 cameraci

1396 3395 1976 3494 potentioresque
2011 3395 2174 3483 viri,

1396 3510 1519 3609 qui
1556 3512 1902 3586 sufferunt
1937 3511 2408 3609 blasphemari

1399 3650 1655 3701 nomen
1691 3626 1801 3701 sui
1835 3626 2150 3725 episcopi
2385 3690 2391 3697 .

964 3740 1103 3813 348
1494 3749 1567 3815 et
1600 3740 1978 3815 emendare
2015 3739 2376 3839 negligunt

1398 3855 1528 3930 sed
1562 3856 1799 3931 rident
1831 3855 2118 3953 quando
2151 3856 2468 3945 audiunt,

1398 3970 1764 4045 intendere
1800 3972 1936 4045 hoc
1970 3970 2234 4046 faciunt

1397 4084 1590 4181 quod
1628 4086 1986 4184 presulem
2024 4110 2164 4159 non
2203 4084 2525 4184 diligunt.
