3478 5438
405 874 544 944 406

404 1337 545 1407 407

401 1797 542 1868 ⁴08

402 2259 544 2329 409

403 2719 544 2791 ΗΟ

403 3178 531 3249 111

403 3640 544 3714 412

1225 501 1610 554 nunculiam.
1645 504 1680 552 Ι.

837 636 1310 735 instruxitque
1347 636 1753 736 granarium

838 753 928 828 ad
964 751 1526 826 conservandum
1563 749 1899 826 triticum.

935 873 1130 942 Intus
1167 877 1238 942 et
1271 858 1444 940 fo'ris
1479 875 1714 941 cetera

838 983 1234 1058 melioravit
1268 989 1510 1056 vetera

838 1124 978 1197 que
1015 1097 1257 1174 domui
1295 1097 1432 1171 sint
1470 1120 1781 1196 congrua
1862 1129 1871 1138 ·

838 1223 910 1288 et
943 1214 1183 1314 egenis
1219 1213 1438 1288 utilia.

935 1329 1405 1430 Amplificavit
1441 1328 1706 1403 curiam

836 1446 1394 1546 circumcingens
1431 1445 1831 1532 maceriam,

833 1562 994 1636 feeit
1028 1562 1316 1636 furnum
1351 1570 1564 1660 atque
1599 1559 1921 1635 cambam

835 1685 909 1752 et
943 1677 1297 1752 officinam
1333 1678 1540 1751 aliam

932 1817 1070 1890 pro
1107 1791 1600 1893 congreganda
1637 1815 1881 1865 cerere

838 1917 910 1983 et
945 1933 1084 2007 pro
1122 1908 1377 1983 alendo
1415 1931 1672 2008 pecore

837 2021 1336 2120 quodcumque
1373 2022 1539 2096 scit¹
1582 2021 1933 2120 proficere

839 2136 1194 2236 egentium
1231 2136 1530 2210 inediae.

939 2257 1136 2327 Nunc
1169 2253 1290 2328 Dei
1330 2251 1774 2350 providentia

837 2369 920 2443 fit
953 2367 1250 2442 celebris
1285 2366 1458 2441 haec
1494 2364 1686 2442 curia

841 2491 988 2557 tam
1025 2481 1114 2556 de
1152 2483 1357 2582 fruge
1391 2481 1663 2558 triticea

837 2622 1049 2697 quam
1087 2597 1474 2672 bestiarum
1511 2597 1738 2695 copia.

939 2719 1114 2789 Nam
1153 2713 1246 2788 ibi
1284 2713 1470 2787 bona
1509 2713 1871 2787 confluunt

838 2839 909 2904 et
945 2828 1318 2904 commode
1353 2828 1808 2926 proveniunt,

835 2943 1172 3043 quiequid
1209 2952 1496 3042 egentes
1533 2943 1823 3040 cupiunt

840 3059 1019 3134 infra
1055 3058 1350 3134 domum
1383 3059 1774 3132 inveniunt.

936 3178 1126 3274 Ergo
1164 3174 1285 3249 Dei
1322 3174 1706 3273 hospitium

834 3314 968 3387 per
1001 3288 1466 3367 Werimboldi
1505 3289 1819 3363 studium

837 3404 917 3479 fit
955 3404 1044 3479 de
1081 3403 1296 3479 rebus
1331 3404 1773 3479 uberrimum

835 3530 1174 3619 tanquam
1210 3520 1400 3619 regis
1437 3520 1799 3619 palatium.

935 3635 1396 3713 Werimboldi
1431 3636 1787 3712 humilitas
1876 3646 1890 3657 ‘

838 3752 1127 3851 ejusque
1163 3753 1358 3853 larga
1393 3753 1650 3827 caritas

839 3892 1122 3967 semper
1157 3867 1408 3945 crescit
1445 3877 1519 3943 et
1552 3868 1849 3966 pullulat

2420 505 2507 558 137

477 4153 525 4207 1.
565 4155 684 4207 scit.
716 4149 876 4209 Dans
905 4150 959 4209 le
986 4170 1094 4210 ms.
1129 4153 1170 4210 il
1201 4171 1237 4227 y
1265 4154 1420 4211 avait
1446 4152 1674 4211 d’abord
1703 4158 1797 4209 sit.
1839 4154 1920 4211 Le
1950 4172 1979 4210 c
2005 4169 2040 4209 a
2068 4152 2157 4209 ete
2188 4150 2375 4225 ajout&
2403 4167 2506 4209 au-

403 4238 606 4298 dessus
632 4240 704 4298 de
733 4239 788 4298 la
813 4239 987 4314 ligne.
