3478 5438
1311 513 1651 567 Gamuxm.
2473 515 2537 567 95

865 655 1070 744 atquc
1103 649 1635 745 conjurationes,

865 761 1072 835 duces
1105 786 1310 836 novos
1347 772 1414 836 ct
1449 765 1726 838 comites
1765 785 1796 835 .·

423 875 552 950 544
965 888 1034 952 ct
1068 877 1246 975 quod
1281 879 1502 974 maqis
1538 888 1642 953 est
1675 877 2058 967 horridum,

862 995 1168 1091 recipitis
1205 995 1586 1092 episcopum

864 1133 1062 1208 quem
1097 1109 1189 1183 ad
1223 1111 1424 1206 regni
1457 1109 1825 1184 discidium

863 1227 1056 1298 scitis
1093 1248 1242 1299 esse
1278 1226 1745 1322 compositum.

426 1340 568 1419 542
961 1346 1151 1416 Tunc
1171 1340 1200 1388 ¹
1239 1340 1551 1416 universi
1585 1339 1971 1439 trepidant,

863 1481 940 1531 se
975 1465 1057 1532 ut
1091 1481 1256 1531 reos
1290 1455 1660 1532 humiliant
1701 1483 1718 1530 ε

862 1597 1028 1647 nam
1064 1573 1384 1648 nesciunt
1420 1597 1552 1646 nec
1584 1570 1894 1671 cogitant

860 1687 1034 1786 quid
1070 1687 1364 1788 objectis
1399 1686 1905 1786 respondeant.

425 1801 567 1876 543
959 1803 1456 1903 Unusquisque
1491 1801 1859 1901 culpabilia

861 1917 946 1991 fit
982 1916 1056 1991 in
1091 1927 1474 2018 conspectu
1510 1916 1773 1993 cesaris
1816 1946 1833 1992 :

866 2042 1030 2108 sunt
1063 2055 1314 2110 omnes
1346 2034 1421 2110 in
1457 2035 1792 2134 periculis

865 2148 957 2225 de
991 2149 1134 2225 vita
1171 2159 1244 2226 et
1277 2151 1620 2226 membris
1656 2151 1831 2227 suis,

428 2263 570 2339 544
962 2265 1316 2350 Prevaluit
1351 2268 1684 2343 continuo

864 2381 1181 2463 Galcheri
1219 2383 1628 2483 deprecatio

864 2497 937 2571 in
971 2497 1108 2573 hoc
1146 2498 1374 2597 plebis
1408 2499 1696 2600 negotio

863 2621 938 2686 et
973 2613 1241 2689 doloris
1275 2615 1596 2703 articulo,

429 2725 572 2801 545
965 2729 1276 2805 clamans
1321 2758 1337 2804 :
1389 2731 1448 2805 Ο
1484 2754 1614 2805 rex
1647 2730 2046 2826 fortissime,

863 2844 1011 2919 noli
1044 2849 1224 2921 cives
1260 2847 1642 2935 destruere,

865 2984 1032 3060 quos
1070 2964 1209 3037 alio
1245 2964 1595 3037 conamine

863 3080 1038 3151 satis
1064 3088 1260 3175 potes
1293 3080 1662 3175 συνήρατο.

429 3189 569 3263 546
961 3194 1413 3269 Conclamant
1447 3191 1584 3266 viri
1619 3191 1873 3290 optimi

866 3306 1056 3407 regis
1092 3306 1462 3382 consiliarii
1507 3333 1524 3379 t

863 3421 1012 3497 Rex
1037 3426 1182 3521 pie,
1223 3422 1670 3509 miserabilis,

858 3561 1072 3635 parce
1106 3561 1458 3612 servorum
1496 3535 1831 3611 lacrimis.

430 3649 573 3723 547
963 3653 1180 3728 Audit
1213 3678 1344 3727 rex
1379 3659 1489 3727 tot
1521 3649 1931 3751 precamina

867 3776 936 3840 et
975 3768 1297 3866 sequitur
1329 3766 1616 3843 consilia

865 3890 940 3955 et
973 3880 1066 3956 de
1099 3883 1302 3981 prius
1337 3883 1662 3958 ordinata

867 4022 946 4071 se
981 3997 1286 4074 abstinet
1312 3998 1620 4098 justicia.

502 4191 555 4248 1.
591 4192 761 4249 Tunc.
793 4190 870 4250 Ge
897 4198 1023 4250 mot
1049 4200 1138 4251 est
1171 4193 1322 4251 auivi
1351 4192 1495 4251 dans
1524 4192 1580 4251 le
1619 4208 1732 4251 ms·
1776 4192 1854 4249 du
1880 4196 2004 4249 mot
2039 4196 2120 4257 ut,
2154 4189 2542 4247 evidemment

431 4280 681 4353 superfla
709 4287 769 4338 et
794 4279 1088 4339 troublant
1114 4280 1150 4338 ὲ
1178 4282 1235 4338 la
1262 4280 1371 4339 fois
1399 4282 1454 4340 le
1483 4298 1617 4340 sens
1646 4288 1706 4339 ot
1732 4278 1786 4337 le
1814 4281 2017 4339 metra.
