3478 5438
437 960 577 1032 158

435 1419 577 1493 159

436 1881 579 1952 160

438 2339 564 2412 161

438 2802 581 2880 162

438 3260 578 3333 163

1321 469 1660 524 omnm.

878 604 1105 707 sigillo
1136 613 1209 680 et
1242 603 1571 704 epistola¹

868 722 1115 822 presul
1146 720 1513 798 Remensis
1546 719 1878 794 mandate

870 839 1230 940 complere
1265 839 1503 916 studet
1533 835 1796 913 omnia.

967 960 1145 1030 Nam
1178 953 1359 1030 sicut
1390 979 1525 1053 per
1559 953 1691 1029 hos
1722 951 2022 1042 monuit,

870 1092 1026 1144 rem
1061 1067 1380 1145 Galcheri
1413 1067 1711 1142 detinuit

870 1191 943 1260 et
976 1188 1370 1260 Manassem
1402 1181 1739 1272 cohibuit,

871 1308 951 1377 ut
988 1323 1295 1398 sequens
1330 1298 1511 1375 ordo
1546 1297 1900 1398 proderit.

966 1421 1215 1491 Parata
1250 1421 1406 1490 erat
1436 1412 1776 1504 Lauduno

873 1529 1193 1608 Galcheri
1227 1529 1655 1620 benedictio,

869 1643 1035 1723 oum
1070 1674 1114 1721 a
1138 1651 1461 1722 Manssse
1496 1645 1734 1721 emulo

870 1761 1171 1837 infertur
1201 1759 1691 1835 contradictio.

971 1875 1406 1953 Contradixit
1444 1873 1894 1974 presentibus

836 1991 843 2001 ’
869 1989 1171 2067 diocesis
1204 1990 1608 2090 presulibus

870 2131 958 2181 ne
996 2130 1215 2205 super
1248 2130 1413 2182 eum
1445 2106 1778 2182 Galcerus

868 2223 1239 2298 ordinetur
1273 2221 1676 2321 episcopus.

969 2342 1140 2429 Irus,
1181 2337 1366 2426 lites,
1408 2335 1762 2412 confi-aria

870 2479 1051 2552 quae
1085 2453 1319 2529 intulit
1353 2451 1758 2554 francigena

871 2595 1007 2669 pro
1042 2569 1383 2645 electione
1420 2595 1548 2644 sua

872 2684 1044 2785 quid
1080 2685 1429 2761 enan-abo
1464 2684 1744 2759 omnia?

970 2801 1216 2875 Statim
1250 2825 1461 2876 causa
1497 2801 1866 2899 utriusque

869 2913 1167 2990 diffinita
1202 2914 1538 2991 canonice

870 3030 961 3105 ab
995 3030 1157 3130 ipso
1192 3030 1669 3129 archipresule

870 3153 942 3222 et
976 3145 1414 3221 confratrum
1450 3145 1802 3235 examine,

968 3258 1350 3336 Galcherus
1384 3260 1465 3334 fit
1499 3259 1855 3360 legitimus

864 3374 1073 3475 justis
1109 3374 1637 3451 defensionibus

870 3497 945 3564 et
972 3495 1325 3567 Manasses
1360 3493 1442 3565 fit
1477 3490 1732 3566 obvius

2484 471 2547 524 29

506 3793 557 3848 1.
596 3791 805 3851 Aucun
831 3798 995 3851 autre
1020 3792 1335 3851 document
1360 3809 1435 3851 ne
1470 3791 1628 3865 pau-le
1663 3792 1737 3850 de
1775 3798 1924 3850 cette
1961 3791 2126 3850 lettre
2155 3790 2436 3849 d'Urbain
2463 3790 2542 3849 11.

433 3878 561 3937 Elle
586 3894 661 3936 ne
688 3894 837 3937 nous
863 3885 953 3937 est
977 3894 1205 3938 connue
1222 3896 1333 3953 que
1360 3896 1465 3953 par
1492 3879 1549 3936 la
1574 3877 1819 3937 relation
1847 3880 1962 3937 tres
1991 3885 2254 3951 suspecte
2280 3879 2354 3936 de
2386 3884 2550 3937 notre

336 3978 343 3983 ’
432 3966 823 4042 chroniqueur
848 3984 1155 4043 anonyme.
1190 3968 1365 4026 Nullo
1392 3976 1545 4027 truce
1574 3984 1693 4026 non
1720 3967 1850 4042 plus
1875 3966 2110 4025 uilleurs
2131 3967 2232 4027 des
2254 3967 2450 4027 lettres
2470 3966 2550 4025 du

428 4058 623 4112 meme
650 4070 795 4129 pape
822 4054 965 4113 dont
991 4054 1046 4113 le
1072 4054 1301 4114 resume
1328 4062 1417 4113 est
1444 4055 1635 4113 donne
1662 4054 1796 4129 plus
1823 4056 1926 4113 bas
1953 4054 2076 4129 (str.
2105 4056 2334 4115 168-170
2355 4062 2414 4114 et
2441 4061 2542 4113 str.

433 4143 697 4199 171-174.
726 4174 799 4187 -
826 4143 1031 4218 Gomp.
1058 4144 1217 4203 aussi
1244 4144 1375 4219 plus
1402 4145 1504 4203 bus
1534 4144 1591 4203 lo„
1620 4150 1720 4202 stt.
1753 4144 1899 4217 210).
