3478 5438
997 435 1082 488 114
1944 429 2151 483 casn

989 568 1296 644 domnus
1321 565 1799 652 Burchardus‚
1844 566 1954 638 vir
1979 564 2283 663 simplex
2310 573 2383 638 et
2410 565 2777 656 honestus,
2818 567 3115 644 clericus

987 681 1462 780 sacerdosque
1521 679 1930 756 catholicus.
1984 683 2171 778 Papa
2215 679 2605 755 vocabatur
2646 681 2949 756 Pascalis
2992 682 3115 781 qui

985 807 1156 874 tunc
1209 796 1558 898 temporis
1615 795 2042 896 apostolicae
2102 793 2293 870 sedis
2352 805 2595 872 custos
2658 797 2991 872 extiterat
3048 808 3119 871 et

984 922 1246 1003 rector,
1289 923 1362 988 et
1395 919 1694 1011 quartus
1731 910 2108 986 Henricus¹
2150 910 2520 986 dicebatur
2562 912 2957 1011 imperator
2994 914 3117 1012 qui

986 1031 1122 1108 sub
1183 1029 1441 1106 eodem
1506 1036 1835 1126 tempore
1892 1027 2192 1104 Romani
2264 1026 2549 1127 imperii
2613 1028 2943 1104 inventus
3008 1037 3119 1104 est

985 1147 1448 1248 gubernator.
1514 1147 1847 1228 Ceterum
1904 1143 2093 1218 inter
2149 1167 2451 1244 regnum
2510 1153 2584 1218 et
2640 1143 3119 1219 sacerdotium

987 1270 1142 1338 erat
1170 1260 1523 1338 discordia
1549 1259 1895 1336 mirabilis
1922 1258 2455 1358 maximumque
2486 1258 2889 1336 discidium.
2926 1264 3121 1358 Papa

987 1403 1294 1478 namque
1325 1378 1564 1477 ipsum
1596 1377 2109 1476 imperatorem
2144 1385 2218 1450 et
2253 1376 2406 1476 ejus
2432 1400 2653 1476 opera
2682 1376 3121 1454 incessanter

985 1491 1643 1581 anathematizabat,
1685 1501 1759 1566 et
1792 1490 2125 1569 omnibus
2155 1491 2434 1591 virgam
2467 1493 2899 1590 pastoralem
2934 1489 3122 1566 reci-

985 1609 1345 1708 pientibus
1391 1607 1482 1686 de
1523 1631 1743 1682 manu
1790 1633 1920 1684 sua
1968 1607 2347 1682 sacerdotii
2395 1607 3003 1684 consecrationem
3048 1614 3122 1680 et

986 1727 1222 1802 oleum
1279 1725 1564 1825 penitus
1619 1723 2043 1824 denegabat.
2110 1728 2563 1822 Quapropter
2617 1724 2928 1799 domnus
2986 1722 3121 1798 iste

985 1842 1436 1920 Burchardus
1461 1835 1949 1918 Cameracensi
1978 1840 2355 1916 aecclesiae
2380 1840 2623 1939 presul
2648 1839 3123 1916 communiter

986 1959 1400 2060 designatus
1443 1963 1518 2032 et
1555 1981 1692 2056 per
1732 1958 1973 2057 ipsum
2020 1956 2531 2056 imperatorem
2572 1983 2619 2032 a
2660 1961 3121 2034 Cameracen-

988 2074 1186 2150 sibus
1223 2073 1423 2150 factis
1458 2072 1916 2148 fidelitatibus
1941 2072 2015 2146 in
2041 2081 2311 2148 terram
2344 2081 2705 2172 receptus,
2746 2097 2881 2172 per
2918 2072 3121 2148 bien-—

987 2189 1188 2266 niu'm
1221 2188 1470 2288 utique
1509 2189 1600 2264 ab
1637 2189 2027 2289 apostolica
2060 2198 2134 2264 et
2168 2189 2501 2267 Remensi
2540 2189 2709 2264 sede
2744 2213 3121 2265 consecra-

987 2307 1258 2382 tionem
1291 2306 1608 2382 debitam
1644 2305 1997 2382 dubitavit
2030 2307 2427 2405 requirere.

1087 2427 1169 2495 2.
1229 2428 1732 2500 Verumtamen
1793 2429 2019 2499 Deum
2074 2448 2351 2522 ponens
2404 2421 2803 2524 adjutorem
2860 2446 3114 2510 suum,

989 2537 1112 2636 qui
1149 2547 1424 2614 certum
1460 2537 1795 2612 desolatis
1831 2537 2087 2637 prebet
2110 2536 2466 2626 solatium,
2510 2538 2633 2636 qui
2658 2538 2923 2638 Ioseph
2952 2537 3121 2612 alie-

989 2677 1162 2729 num
1231 2677 1450 2752 super
1510 2652 1831 2755 Egiptios
1902 2653 2068 2729 fecit
2127 2653 2609 2753 prepositum,
2680 2661 2758 2729 et
2820 2653 3117 2731 obedire

989 2769 1284 2870 cupiens
1334 2778 1576 2845 sancte
1619 2774 1935 2845 Romane
1985 2779 2058 2845 et
2101 2770 2429 2846 Remensi
2475 2770 2887 2859 aecclesiae,
2946 2794 3119 2868 pru-

989 2884 1242 2960 denter
1275 2882 1837 2961 misericordiam
1863 2884 1988 2959 Dei
2028 2882 2277 2982 suique
2314 2884 2700 2984 magisterii
2736 2884 2929 2983 cepit
2964 2908 3119 2959 sus-

987 2999 1240 3089 tinere,
1275 2999 1575 3075 assiduis
1604 2999 2043 3075 orationibus
2070 3008 2145 3075 et
2171 3000 2425 3075 ceteris
2446 3000 2805 3076 beneficiis
2832 3024 3113 3089 vacare,

989 3115 1160 3191 cleri
1213 3125 1288 3191 et
1343 3115 1590 3215 populi
1647 3116 1950 3217 gratiam
2009 3140 2143 3216 per
2196 3116 2609 3191 humilitatis
2665 3116 3119 3193 devotionem

989 3230 1376 3330 plurimum
1427 3231 1777 3307 obtinere.
1838 3234 1943 3306 Ex
1996 3231 2297 3307 honesta
2351 3256 2526 3332 ergo
2578 3232 3119 3307 conversatione

989 3372 1116 3421 sua
1159 3356 1308 3421 tam
1354 3348 1542 3423 utilis
1588 3357 1664 3422 et
1705 3347 1975 3446 optima
2024 3346 2116 3423 de
2167 3348 2285 3422 illo
2336 3348 2829 3423 circumfertur
2878 3348 3118 3448 opinio

989 3462 1184 3559 quod
1241 3462 1576 3540 Radulfus
1635 3466 2023 3539 Remorum
2086 3463 2663 3563 archiepiscopus
2677 3464 2707 3509 ²
2771 3488 2865 3538 ex
2926 3464 3116 3538 bono

993 3654 1242 3726 aveques
1261 3651 1584 3727 Manassen,
1612 3651 1667 3711 le
1685 3652 2067 3726 competiteur
2087 3654 2159 3711 de
2180 3652 2469 3726 Gaucher,
2492 3652 2729 3728 regas-de
2746 3668 2851 3726 par
2870 3652 3118 3710 d’autres

993 3756 1222 3801 comme
1247 3757 1354 3801 son
1381 3758 1732 3802 successeur.
1778 3744 1864 3802 La
1904 3742 2080 3802 chose
2124 3744 2344 3804 semble
2382 3743 2644 3805 d'autant
2680 3744 2811 3818 plus
2846 3742 3119 3817 probable

990 3847 1103 3906 que
1131 3830 1430 3889 Manasses
1457 3833 1551 3890 n'a
1577 3848 1680 3906 pas
1708 3832 1781 3891 de
1807 3832 2143 3908 biographie
2172 3834 2415 3907 speciale
2443 3833 2589 3892 dans
2616 3840 2783 3892 notre
2808 3830 3045 3891 recueil.

1065 3920 1114 3976 1.
1157 3916 1299 3977 Plus
1328 3935 1519 3978 connu
1548 3937 1682 3979 sous
1710 3920 1765 3979 le
1794 3938 1933 3981 nom
1960 3922 2033 3980 de
2061 3922 2247 3981 Henri
2276 3922 2352 3979 V.
2395 3922 2594 3997 Gomp.
2640 3922 2771 3997 plus
2800 3921 2945 3980 haut
2972 3938 3027 3995 p.
3062 3922 3117 3991 5,

995 4013 1118 4064 not.
1153 4008 1201 4063 1.

1059 4095 1112 4153 2.
1151 4094 1573 4171 L'archeveque
1596 4096 1895 4158 Manasses
1916 4099 1973 4157 11
1990 4100 2133 4161 etsit
2160 4106 2315 4159 mort
2342 4115 2417 4159 en
2448 4100 2609 4173 1106,
2636 4105 2696 4158 et
2714 4098 2905 4159 Raoul
2924 4097 3119 4156 l‘avait

995 4183 1278 4259 remplace
1308 4184 1531 4244 l’annee
1563 4187 1848 4245 suivante.
