3478 5438
1295 459 1684 514 mmmmm.
1717 463 1757 512 1.
2492 469 2575 523 141

473 588 566 672 de
607 597 840 666 morte
883 591 1161 697 comitis
1209 601 1406 666 certo
1454 617 1745 668 rumor-e
1792 593 2075 695 cognito
2094 653 2111 684 ‚
2164 596 2579 674 castellanus

467 711 674 806 Hugo
690 764 708 795 ‚
767 707 892 808 qui
944 707 1414 784 castellaniam
1471 716 1793 784 tenuerat
1850 710 1941 785 de
2000 711 2118 785 illo
2134 768 2153 800 ,
2220 711 2578 788 liberrime

467 824 776 898 occurrit
829 824 919 900 ad
975 825 1345 900 dominum
1397 849 1608 900 suum
1657 825 2049 926 legitimum
2092 827 2577 903 Burchardum

468 940 901 1037 pontificem.
953 945 1053 1015 De
1090 965 1234 1039 quo
1251 999 1269 1032 ‚
1319 950 1402 1016 ut
1437 942 1709 1041 justum
1745 950 1931 1031 erat,
1990 967 2189 1017 suam
2225 942 2579 1043 recipiens

467 1056 963 1145 castellaniam,
1006 1056 1140 1132 sibi
1174 1055 1341 1131 feeit
1372 1055 1789 1146 hominium,
1832 1064 1905 1131 et
1938 1057 2349 1133 fidelitatem
2378 1059 2578 1159 jura-

467 1178 725 1245 verunt
759 1171 1176 1247 alterutrum
1220 1177 1295 1244 et
1337 1170 1623 1246 obsides
1660 1169 2198 1246 interdederunt
2234 1173 2330 1248 ob
2366 1198 2578 1273 agen-

467 1284 636 1359 dam
657 1310 908 1384 paeem
943 1295 1012 1362 et
1049 1287 1352 1363 firmiter
1377 1286 1895 1362 observandam
1920 1287 2103 1362 inter
2128 1313 2253 1364 eos
2284 1313 2578 1364 concor-
2668 1391 2681 1400 θ

465 1401 722 1477 diam¹.
1993 1501 2011 1538 ⁹

538 1641 588 1697 1.
631 1640 926 1700 Burchard
956 1658 1030 1700 ne
1059 1642 1326 1701 survecut
1353 1657 1454 1714 pas
1485 1641 1809 1717 longtamps
1836 1641 1872 1698 a
1898 1648 1988 1700 cet
2016 1643 2240 1702 accord.
2274 1643 2323 1700 11
2346 1651 2577 1702 mourut

465 1729 520 1787 le
561 1728 593 1786 3
635 1745 709 1788 ou
753 1729 808 1788 le
847 1733 880 1786 4
915 1730 1140 1803 Janvier
1181 1730 1319 1788 1130
1361 1728 1580 1802 (Lamb.
1627 1729 1945 1802 wan-eloe,
1988 1748 2044 1804 p.
2095 1732 2217 1788 514.
2258 1763 2330 1775 —
2367 1733 2569 1790 Chr-on.

463 1819 523 1876 S.
553 1821 754 1888 Andr„
787 1835 844 1892 p.
877 1819 1020 1889 549).
1052 1819 1164 1877 Les
1191 1819 1454 1876 Annales
1482 1817 1779 1876 d'Anchin
1803 1821 1879 1892 (p.
1904 1819 2053 1892 504),
2076 1820 2135 1878 la
2156 1819 2481 1896 chronique
2506 1819 2575 1876 de

465 1905 858 1964 Saint-Andre
885 1906 1016 1974 (loc.
1048 1907 1168 1978 cit.)
1197 1915 1257 1964 et
1283 1907 1530 1966 d’autres
1549 1907 1899 1984 chroniques
1918 1909 2410 1982 contemporaines
2429 1923 2575 1966 mar-

462 2001 646 2070 quent
671 1994 726 2053 la
751 2003 904 2053 mort
937 1995 1008 2052 de
1037 1995 1337 2054 Burchard
1377 1996 1412 2052 ὲ
1451 1996 1564 2052 l’an
1610 1995 1769 2067 1129,
1815 2013 1950 2054 sans
1992 1995 2163 2055 doute
2204 2015 2372 2072 parce
2413 1995 2583 2072 qu’ils

463 2085 816 2158 comptaient
841 2083 896 2142 le
923 2093 1420 2143 commencement
1446 2083 1517 2142 de
1544 2085 1774 2143 l'annee
1801 2085 1872 2144 de
1900 2086 1956 2143 la
1984 2085 2096 2144 sete
2124 2086 2197 2144 de
2216 2087 2464 2163 Paques.
2496 2087 2583 2142 La

463 2173 796 2248 chronique
831 2175 900 2231 de
927 2173 1317 2231 saint-Andre
1351 2175 1540 2248 aj0ute
1567 2177 1756 2241 (ibid.)
1785 2191 1897 2249 que
1936 2175 1991 2232 le
2030 2175 2183 2249 siege
2222 2176 2294 2234 de
2322 2174 2585 2233 Cambrai

461 2268 617 2319 resta
638 2268 843 2320 vacant
869 2261 1122 2334 pendant
1147 2262 1354 2337 quinze
1376 2263 1528 2320 mois
1546 2263 1712 2336 apres
1734 2262 1790 2319 la
1807 2271 1959 2321 mort
1981 2263 2052 2321 de
2072 2263 2390 2322 Barchard.
2422 2264 2585 2320 Nous

460 2367 698 2412 verrons
723 2369 800 2409 en
826 2351 962 2409 effet
989 2351 1118 2426 plus
1145 2351 1248 2409 bas
1276 2367 1390 2426 que
1417 2351 1472 2410 le
1501 2368 1837 2412 successeur
1862 2351 1932 2410 de
1953 2352 2253 2412 Burchard
2270 2369 2345 2411 ne
2376 2351 2462 2409 fut
2488 2350 2585 2408 6111

460 2457 574 2514 que
600 2441 744 2500 dans
773 2441 857 2500 les
885 2439 1140 2500 derniers
1163 2441 1320 2514 joma
1347 2441 1418 2499 de
1445 2457 1600 2499 mars
1630 2457 1706 2500 ou
1744 2441 1826 2500 les
1862 2441 2147 2515 premiere
2184 2443 2343 2515 jours
2384 2439 2584 2498 d'avril
