3478 5438
500 916 594 988 85

490 1841 586 1911 87

486 2296 578 2367 88

481 2759 574 2831 89

481 3222 574 3293 90

473 3682 551 3753 94

1337 445 1672 500 namnum.

892 573 1030 648 Iste
1069 575 1260 650 labor
1293 589 1400 651 est
1429 583 1800 671 maximus,

893 691 1317 766 contradicat
1343 693 1468 767 ille
1499 695 1687 769 aolus

889 807 1010 900 qui
1043 806 1257 902 fuerit
1290 812 1667 907 episcopus.

987 920 1127 996 Sed
1164 947 1328 998 cum
1361 915 1498 998 illis
1534 922 1857 1025 angustia

887 1044 1159 1110 crescat
1193 1039 1418 1138 magis
1453 1065 1666 1139 quam
1703 1043 1998 1133 minuat,

887 1149 1213 1250 ignorant
1244 1179 1376 1252 per
1409 1181 1624 1252 quem
1658 1159 1889 1232 valeat

884 1268 1254 1343 reformari
1295 1271 1658 1346 aecclesia.

981 1387 1299 1472 Querunt
1332 1386 1514 1460 infra
1553 1395 1626 1461 et
1661 1387 1973 1487 undique

880 1521 1096 1594 quem
1132 1499 1410 1575 valeant
1445 1502 1705 1602 eligere

877 1612 1000 1710 qui
1035 1613 1358 1690 hostibus
1389 1617 1765 1694 aecclesiae

879 1727 1105 1828 magis
1140 1731 1365 1828 possit
1400 1721 1777 1808 resistere(

975 1848 1067 1920 At
1100 1846 1632 1946 circumspectis
1667 1851 1997 1927 omnibus

876 1982 1019 2032 non
1050 1959 1402 2036 invenitur
1433 1964 1729 2040 clericus

873 2072 996 2170 qui
1033 2098 1253 2172 penas
1286 2101 1451 2150 cum
1486 2081 1921 2156 certantibus

875 2187 1175 2262 sufferre
1212 2200 1428 2288 queat
1461 2192 1714 2268 melius

969 2326 1184 2399 quam
1221 2305 1550 2380 Galoerus
1585 2308 2001 2405 prelibatus,

872 2417 995 2514 qui
1030 2427 1140 2492 est
1173 2421 1743 2498 archidiaconus¹

870 2540 1082 2630 atque
1118 2534 1450 2609 defensor
1486 2537 1801 2635 optimus

871 2656 1116 2724 contra
1149 2650 1441 2728 hostiles
1478 2652 1789 2753 impetus
1826 2681 1841 2729 :

967 2765 1089 2861 qui
1125 2767 1336 2841 etiam
1372 2756 1781 2869 nuperrime

867 2888 1105 2954 sancte
1141 2882 1348 2982 huJus
1381 2886 1759 2961 aecclesiae

863 2994 1174 3070 invasori
1209 3010 1529 3096 apostate

867 3111 1151 3187 volebat
1180 3117 1687 3193 contradicere.

965 3230 1136 3302 Erat
1169 3237 1240 3302 et
1276 3254 1486 3305 causa
1521 3233 1655 3306 alia

865 3342 1035 3415 satis
1072 3351 1322 3441 patens
1357 3355 1428 3420 et
1463 3372 1775 3447 congrua

861 3464 943 3529 ut
977 3456 1046 3531 in
1085 3468 1325 3533 sancta
1359 3463 1692 3537 aecclesia

864 3567 1081 3647 decus
1115 3598 1450 3675 magnum
1487 3579 1828 3676 optineat.

957 3691 1131 3762 Nam
1167 3699 1374 3766 natus
1409 3700 1521 3767 est
1553 3694 1899 3769 nobilium

860 3798 950 3911 dp
981 3826 1242 3902 genere
1279 3809 1718 3905 pontificum,

859 3912 1164 3994 nutritus
1200 3920 1290 3995 ad
1321 3924 1744 4001 Noviomum

497 4162 546 4218 1.
586 4160 784 4238 Gomp.
817 4165 946 4239 plns
974 4130 1116 4227 haut
1143 4178 1242 4228 stt.
1276 4172 1364 4229 81.

2510 461 2564 514 17
