3478 5438
448 964 543 1040 20

448 1428 528 1504 2⁴

445 2231 543 2307 22

448 2697 542 2773 23

1211 479 1601 534 nummum
1639 481 1704 532 11.

696 637 775 688 se
809 613 1114 688 clamant
1148 613 1478 715 juvenem
1514 615 1698 690 nolle
1733 615 2023 717 eligere,

693 754 856 804 cum
889 755 1097 832 suum
1132 755 1258 806 cor
1291 733 1524 808 solum
1558 733 1825 808 nesciat
1860 758 2111 834 regere

693 846 816 943 qui
847 871 1090 922 curam
1124 848 1514 924 multorum
1548 849 1704 924 vult
1736 850 2183 949 intercipere.

790 965 1116 1038 Attamen
1145 964 1428 1064 juvenis
1459 966 1995 1043 archidiaconus

691 1077 994 1154 fratrum
1029 1079 1364 1170 consiliis,
1406 1091 1785 1180 parentum
1819 1082 2113 1160 vocibus

691 1195 888 1269 vadit
922 1195 1014 1270 ad
1049 1221 1367 1272 cesarem
1401 1222 1851 1298 nequaquam
1889 1199 2153 1275 electus

692 1320 840 1384 tam
875 1310 1036 1386 sine
1061 1311 1312 1386 litteris
1345 1337 1562 1411 quam
1593 1313 1745 1388 sine
1780 1315 2081 1390 testibus

788 1452 972 1524 quos
1001 1428 1158 1528 regi
1193 1428 1432 1528 dirigit
1467 1430 1640 1506 cleri
1675 1431 2002 1520 societaS,

690 1567 1020 1620 assensus
1055 1545 1301 1644 populi
1339 1570 1570 1644 neque
1606 1548 2075 1627 communitas
2119 1575 2135 1620 :

688 1670 760 1734 et
797 1661 962 1760 quia
997 1686 1143 1736 non
1179 1662 1392 1738 habet
1429 1671 1650 1738 testes
1683 1689 1817 1739 nec
1852 1665 2149 1752 litteras,

689 1773 883 1871 quod
921 1775 1156 1873 querit
1192 1776 1497 1877 denegat
1531 1777 1720 1878 regis
1755 1779 2127 1879 sagacitas,

695 2009 820 2076 De
866 2011 1264 2078 electione
1309 2013 1777 2080 Burchardl
1826 1983 2222 2096 episcopi.

787 2235 1138 2329 Regresso
1175 2230 1414 2328 itaque
1451 2231 1973 2322 archidiacone,

689 2343 880 2420 fideli
916 2345 1140 2421 utitur
1173 2371 1374 2422 cesar
1409 2347 1726 2438 consilio,

691 2461 957 2562 quippe
994 2462 1116 2561 qui
1153 2463 1226 2536 in
1262 2487 1392 2538 suo
1429 2464 1641 2540 habet
1677 2464 1939 2564 palatio

691 2577 976 2654 clericos
1011 2577 1240 2660 utiles,
1257 2579 1382 2654 Dei
1419 2579 1736 2654 servitio.

789 2700 980 2771 Inter
1016 2694 1445 2772 domesticos
1482 2721 1664 2773 unus
1701 2696 2044 2796 accipitur

691 2811 1140 2887 Burchardus
1177 2812 1487 2900 nomine,
1527 2814 1744 2887 homo
1782 2814 2160 2889 catholicus
2203 2840 2217 2886 :

690 2928 822 3005 iste
859 2936 1024 3028 post
1059 2928 1406 3018 odonem,
1447 2937 1527 3003 ut
1566 2928 1789 3003 voluit
1824 2934 2035 3019 Deus,

690 3043 780 3118 ad
817 3044 1256 3143 episcopium
1291 3044 1501 3157 datur
1535 3044 1831 3121 idoneus
1847 3046 1897 3120 ¹.

788 3163 1016 3259 Super
1049 3160 1186 3234 hoc
1220 3160 1484 3235 etenim
1521 3160 1618 3234 nil
1652 3160 2090 3260 cogitaverat

692 3302 824 3352 nee
858 3276 1152 3351 honoris
1185 3276 1392 3377 hujus
1429 3276 1708 3351 culmen
1744 3276 2091 3351 ambierat

692 3418 822 3468 nec
857 3393 947 3468 ad
981 3393 1118 3467 hoc
1153 3393 1468 3493 seipsum
1501 3393 1688 3468 ultro
1725 3393 2144 3493 ingesserat,

689 3519 1130 3610 quapropter
1164 3510 1412 3608 prefici
1447 3510 1658 3611 digne
1694 3518 2053 3586 meruerat

2428 489 2515 542 145

473 3788 525 3843 1.
573 3785 942 3859 L’empereur
982 3786 1140 3844 avait
1177 3784 1412 3843 d'abord
1449 3782 1718 3859 presente
1761 3786 1816 3843 le
1860 3786 2015 3859 siege
2060 3784 2132 3842 de
2174 3784 2439 3847 cambrai
2487 3784 2522 3841 a

402 3874 463 3931 S.
496 3874 771 3948 Norbert,
817 3874 872 3949 le
913 3875 1068 3933 futur
1109 3874 1414 3933 fondaoeur
1456 3874 1528 3932 de
1571 3874 1775 3933 L'ordre
1812 3875 1885 3933 de
1916 3872 2283 3946 Premontre,
2324 3872 2427 3947 qui
2466 3872 2519 3929 le

399 3964 612 4023 refusa.
655 3964 738 4022 Le
775 3963 877 4022 fait
911 3971 1000 4023 est
1037 3964 1241 4023 atteste
1283 3981 1387 4037 par
1425 3964 1682 4023 Hermen
1720 3964 1791 4023 de
1821 3963 2072 4023 Tournai
2107 3966 2197 4035 (De
2222 3965 2519 4020 miraculis

400 4052 460 4110 S.
491 4054 706 4109 Mariae
735 4054 1135 4123 LaudunensiS,
1167 4052 1206 4108 l.
1241 4050 1348 4125 HI,
1380 4068 1428 4109 c.
1454 4052 1508 4125 8,
1529 4054 1673 4108 Mon.
1703 4053 1909 4119 Germ„
1935 4052 2031 4110 SS.
2060 4060 2101 4107 t.
2125 4050 2269 4123 xn,
2290 4068 2347 4123 p.
2371 4050 2517 4121 659).

400 4141 524 4199 1110
543 4142 726 4199 tenait
744 4141 815 4199 de
847 4140 1270 4215 Hugues‚.abbe
1298 4140 1370 4199 de
1398 4142 1758 4212 Premontre,
1784 4140 1973 4221 lequel
1992 4140 2185 4200 l’avait
2212 4140 2520 4201 lui-meme

401 4230 652 4289 entendu
682 4230 936 4289 affirmet·
964 4247 1063 4303 par
1089 4230 1344 4304 l'eveque
1372 4229 1668 4289 Burchard
1698 4246 1773 4289 en
1802 4230 1962 4287 1119.

2128 4320 2193 4375 10
