3478 5438
1317 439 1658 492 camum.

873 577 1202 654 habuisse
1236 572 1602 650 inu-citum

873 694 969 769 ob
1004 715 1310 793 pravum
1341 688 1496 790 ejus
1530 688 1801 762 exitum

873 834 1090 911 quem
1124 807 1432 884 vidimus
1465 805 1558 880 ad
1593 803 1944 879 ultimum.

440 933 584 1006 498
974 923 1114 1002 Sed
1149 947 1240 998 ne
1273 921 1680 1019 dirumpam
1713 917 2039 994 ordinem

881 1049 955 1118 et
989 1047 1274 1115 actuum
1307 1036 1708 1112 mattcriam

880 1157 952 1230 in
988 1157 1146 1231 loco
1183 1177 1314 1228 suo
1348 1149 1633 1225 faciam¹

882 1272 1045 1348 finis
1079 1269 1190 1346 sui
1227 1267 1555 1344 noticiam

759 1527 883 1596 De
924 1521 1428 1609 protentione
1465 1516 1849 1588 anscheri
1884 1515 2244 1599 Lasiam.

453 1739 596 1815 499
989 1732 1098 1810 Ad
1133 1730 1554 1809 Galcherum
1585 1727 1751 1801 hinc
1782 1723 2003 1800 redeo

889 1858 1106 1948 atque
1139 1847 1278 1922 fleo
1313 1851 1387 1922 et
1417 1843 1630 1921 doleo

892 1965 1089 2065 quod
1119 1963 1304 2040 illius
1337 1960 1586 2062 petitio

894 2077 1294 2180 refragatur
1325 2103 1418 2153 ex
1451 2076 1646 2152 odio.

459 2205 602 2276 500
993 2197 1211 2272 Miror
1245 2193 1440 2293 quod
1473 2217 1616 2266 non
1653 2189 1978 2264 irascitur

897 2311 1022 2412 qui
1056 2318 1166 2385 tot
1200 2308 1499 2384 adversa
1533 2306 1827 2406 patitur,

901 2426 1024 2526 qui
1061 2450 1204 2501 non
1239 2424 1412 2498 ledit
1445 2431 1516 2496 et
1551 2420 1839 2509 leditnr,

901 2545 1122 2620 immo
1159 2565 1290 2616 nec
1324 2565 1403 2614 se
1440 2536 1824 2614 ulciscitur.

470 2667 596 2741 50⁴
1001 2658 1442 2756 Quicumque
1476 2655 1664 2730 enim
1701 2651 1927 2728 voluit

905 2777 1041 2854 sibi
1075 2798 1334 2851 nocere
1371 2772 1612 2847 nocuit

905 2901 981 2968 et
1012 2892 1150 2966 hoc
1184 2890 1338 2990 ipse
1376 2888 1552 2965 dum
1585 2884 1819 2987 potuit

908 3008 1259 3109 patienter
1293 3004 1650 3081 sustinuit.
1790 3058 1793 3063 -

476 3132 618 3205 502
1007 3122 1317 3221 Reliquit
1351 3146 1483 3195 nos
1519 3118 1681 3193 novi
1689 3116 1902 3193 ssime

911 3238 1024 3313 vir
1058 3261 1314 3337 magne
1345 3232 1724 3333 patientiae

913 3354 1079 3453 quia
1112 3352 1236 3427 Dei
1263 3348 1582 3451 Justiciae

916 3494 1058 3544 non
1093 3468 1278 3543 ultra
1307 3465 1462 3540 vult
1492 3461 1853 3539 resistere.

485 3590 624 3663 503
1014 3580 1337 3658 Perrexit
1369 3603 1543 3680 ergo
1577 3576 1863 3677 Legiam

921 3699 1011 3775 ad
1049 3698 1390 3775 Obertum
1426 3694 1837 3794 pontificem
1897 3764 1900 3769 ,

920 3839 1055 3915 per
1089 3814 1243 3914 ejus
1275 3809 1654 3887 amicitiam

926 3937 999 4006 et
1035 3928 1295 4004 cesaris
1329 3925 1686 4001 fiduciam.

569 4192 618 4246 1.
661 4193 886 4263 faciam.
922 4188 1084 4257 Dans
1114 4186 1166 4245 le
1193 4202 1304 4245 ms,
1335 4188 1541 4256 ficiam.
