3478 5438
955 479 1040 532 122
1900 471 2105 524 st‘m

1046 615 1125 682 9.
1183 609 1580 708 Episcopus
1627 607 1817 681 enim
1868 616 1943 681 et
1990 608 2563 697 cameracenses,
2622 609 2757 685 hoc
2806 612 3063 688 malum

947 725 1245 803 ulterius
1275 725 1466 798 ferre
1496 747 1638 798 non
1663 723 2003 812 valentes,
2048 729 2400 822 quotquot
2434 736 2736 822 possunt
2770 751 3067 827 congre-

947 851 1115 944 gant
1153 840 1412 916 milites
1427 897 1446 928 ,
1491 838 1788 938 opidum
1828 838 1920 913 de
1954 839 2395 915 Crevecuerh
2440 849 2515 914 et
2558 844 3065 919 contumaciam

949 957 1302 1034 castellani
1329 955 1802 1031 exterminare
1828 954 2219 1052 cupientes.
2256 958 2675 1058 congregati
2702 983 2880 1033 vero
2902 984 3065 1035 con-

947 1079 1242 1150 currunt
1265 1070 1580 1169 primum
1602 1067 1798 1168 apud
1822 1069 2219 1169 Osgiacum,
2262 1070 2385 1145 uhi
2414 1071 2833 1148 castellanus
2868 1098 3064 1149 secu-

950 1188 1098 1264 rius
1134 1186 1464 1262 manebat
1497 1194 1572 1260 et
1605 1186 1678 1260 in
1713 1185 1913 1284 cujus
1938 1185 2329 1260 munimine
2354 1185 2609 1262 fortius
2636 1188 3060 1264 confidebat.

951 1303 1200 1383 Villam
1235 1310 1471 1377 autem
1506 1309 1730 1376 totam
1758 1310 1959 1375 exn-a
1987 1299 2398 1376 firmitatem
2429 1303 2765 1404 frangunt
2799 1314 2875 1381 et
2904 1331 3067 1380 con-

949 1427 1298 1508 cremant,
1351 1418 1663 1516 aliasque
1699 1417 1903 1492 villas
1939 1417 2313 1493 devastant
2346 1443 2530 1517 quae
2562 1420 2749 1494 circa
2794 1421 3071 1496 fuerant

949 1545 1023 1610 et
1057 1534 1150 1624 ad
1183 1559 1348 1610 eum
1391 1532 1867 1633 pertinebant.
1924 1537 2003 1608 In
2050 1534 2361 1610 crastino
2404 1535 2592 1633 apud
2630 1537 3068 1612 crevecuerh

899 1683 914 1696 ·
949 1651 1328 1750 episcopus
1375 1659 1448 1725 et
1495 1653 2033 1727 cameracenses
2084 1675 2225 1725 una
2277 1635 2707 1727 conveniunt
2722 1711 2740 1742 ,
2803 1653 3067 1728 assultu

949 1773 1296 1865 appetunt
1328 1764 1708 1863 villamque
1744 1789 1969 1862 usque
2004 1765 2094 1839 ad
2128 1765 2541 1840 interiorem
2568 1765 3071 1864 opidifortim-

949 1882 1190 1958 dinem
1225 1879 1546 1979 capiunt,
1600 1879 1990 1977 predantur
2024 1887 2098 1954 et
2132 1880 2584 1956 comburunt.
2640 1881 3068 1958 castellanus

949 1996 1333 2072 novissime
1383 2020 1903 2096 recognoscens
1954 1995 2090 2070 sibi
2141 1996 2331 2096 juste
2378 1996 2552 2071 haec
2604 1997 2844 2071 omnia
2890 1997 3069 2072 acci-

793 2125 796 2130 ·
949 2112 1176 2202 disse,
1229 2135 1317 2186 eo
1352 2111 1544 2210 quod
1582 2115 1728 2186 Deo
1765 2118 1839 2186 et
1872 2119 2071 2187 recto
2107 2111 2396 2186 domino
2432 2137 2564 2186 suo
2598 2113 2961 2187 restiterat
3000 2121 3069 2188 et

951 2227 1396 2304 solummodo
1455 2226 1813 2302 aecclesiis
1864 2227 1990 2302 Dei
2039 2235 2253 2325 atque
2304 2225 2737 2326 pauperibus
2787 2227 3069 2302 malefe-

950 2354 1168 2433 cerat,
1209 2343 1415 2418 valde
1439 2342 1769 2443 penitens
1801 2367 2053 2441 pacem
2084 2351 2157 2418 et
2186 2343 2637 2431 concordiam
2664 2369 2797 2443 per
2824 2343 3065 2419 fideles

950 2459 1258 2557 quesivit
1291 2467 1504 2558 atque
1534 2459 1855 2557 pontifici
1881 2458 2120 2559 ligiam
2142 2458 2555 2534 fidelitatem
2579 2467 2653 2534 et
2674 2459 3065 2534 hominium

950 2577 1179 2650 facere
1207 2575 1464 2650 obtulit
1489 2584 1560 2650 et
1585 2574 1943 2674 promisit,
1986 2575 2045 2649 si
2074 2573 2391 2672 qualibet
2412 2583 2567 2650 arte
2594 2583 2837 2673 posset
2862 2576 3065 2676 hujus

951 2693 1056 2767 rei
1105 2690 1457 2767 licentiam
1505 2691 1892 2792 impetrare
1948 2717 1991 2765 a
2040 2689 2332 2765 domino
2384 2714 2515 2767 suo
2564 2691 2827 2767 Karolo
2869 2691 3064 2767 Flau-

950 2808 1267 2883 driarum
1320 2807 1606 2883 comite.
1665 2812 1811 2883 Hec
1863 2807 2079 2908 igitur
2130 2807 2485 2882 castellani
2542 2806 2924 2905 promissio
2976 2809 3065 2884 ad

950 2948 1200 3024 pacem
1233 2924 1430 3013 flexit
1466 2923 1908 3023 episcopum,
1949 2923 2295 3022 veniaque
2331 2948 2663 2998 concessa
2700 2924 2803 3000 sic
2834 2924 3065 2999 absol-

949 3042 1056 3115 vit
1090 3065 1254 3116 eum
1291 3041 1487 3139 quod
1522 3040 1817 3139 opidum
1846 3038 1935 3115 de
1958 3039 2404 3117 Grevecuerh
2431 3040 2503 3114 in
2528 3048 2714 3116 statu
2744 3047 2817 3115 et
2841 3040 3067 3114 forma

951 3183 1092 3256 qua
1126 3157 1290 3231 villa
1333 3156 1534 3256 prius
1579 3156 1913 3231 extiterat
1954 3154 2300 3230 relocaret
2342 3180 2474 3230 nec
2516 3154 2689 3231 illud
2732 3155 3063 3254 deinceps

949 3273 1100 3347 sine
1164 3296 1460 3348 assensu
1521 3271 1839 3372 episcopi
1910 3279 1983 3353 et
2045 3271 2659 3345 cameracensium
2726 3295 2865 3370 pro
2936 3269 3063 3343 alia

949 3388 1364 3464 necessitate
1399 3386 1850 3476 reformaret,
1886 3385 2335 3487 juratamque
2362 3385 2744 3461 amicitiam
2768 3385 3063 3461 firmiter

948 3512 1426 3581 conservaret.
1470 3502 1672 3594 Quod
1705 3510 1783 3577 et
1812 3492 2079 3577 ⁴factum
2115 3509 2251 3577 est.

1005 3756 1139 3823 10.
1179 3755 1302 3823 De
1336 3756 1688 3838 quodam
1718 3756 2038 3823 homine
2066 3754 2384 3822 nomine
2416 3752 3014 3823 wel-imboldo.

1053 3962 1098 4051 t
1487 3979 1565 4049 In
1601 3972 1739 4048 isto
1778 3980 2025 4047 nostro
2062 3970 2435 4046 dictamine

1389 4091 1554 4165 volo
1588 4089 1681 4164 de
1714 4090 2024 4189 quodam
2065 4087 2372 4178 homine,

1395 4207 1486 4281 de
1522 4204 2004 4283 Werimbaldo
2038 4204 2318 4279 nomine
