3478 5438
1256 526 1648 579 mmmmm.
1682 529 1717 578 Ι.
2455 531 2536 583 ¹21

430 664 576 741 suis
619 662 944 739 fidelibus
989 662 1081 740 de
1129 661 1530 738 castellania
1575 661 1947 739 consilium
1993 666 2306 763 postulat
2354 665 2545 740 idem

428 779 829 878 episcopus.
879 778 1079 855 Unde
1116 788 1402 877 accepta
1437 779 1701 854 virtute
1738 779 2035 867 consilii,
2078 780 2315 854 statim
2352 806 2545 854 com-

429 895 654 969 movit
687 894 1141 970 castellanum
1173 899 1542 994 Hugonem
1580 894 1669 970 de
1706 895 1823 970 illo
1861 894 2333 970 castellaniam
2370 898 2546 971 reci-

426 1034 598 1109 pere
632 1017 706 1084 et
739 1016 983 1085 tenere
1001 1067 1020 1099 ,
1073 1008 1257 1084 sicut
1301 1009 1471 1083 olim
1516 1008 1705 1084 illam
1750 1019 2127 1086 tenuerant
2170 1011 2546 1109 predeces-

427 1151 627 1202 sores
691 1126 843 1227 ejus
866 1127 889 1174 ¹
953 1125 1044 1200 de
1102 1126 1586 1201 Cameracensi
1646 1127 2005 1225 pontifice.
2075 1127 2277 1218 Quod
2348 1128 2546 1204 illum

428 1243 716 1343 quidem
747 1242 977 1317 facere
1007 1249 1454 1316 recusantem
1478 1241 1829 1340 percussit
1858 1243 2237 1342 episeopus
2261 1245 2535 1320 anathe-

423 1360 636 1434 matis
687 1358 919 1459 gladio
937 1415 954 1447 ,
1010 1364 1235 1432 totam
1283 1365 1550 1431 terram
1599 1382 1802 1432 suam
1855 1357 2096 1433 divino
2148 1361 2535 1459 precipiens

425 1499 671 1550 carere
716 1473 976 1550 officio.
1032 1474 1207 1548 Hinc
1251 1473 1668 1549 castellanus
1712 1473 2002 1548 nimiam
2048 1500 2425 1551 succensus
2472 1477 2535 1551 in

423 1592 607 1664 iram
641 1597 717 1664 et
750 1590 823 1662 in
859 1589 1159 1666 mortale
1194 1598 1594 1665 commotus
1631 1589 1879 1664 odium
1922 1590 2267 1667 adversus
2309 1594 2535 1691 ponti÷

424 1707 658 1795 ficem,
692 1706 766 1779 in
793 1705 959 1782 villa
986 1705 1077 1781 de
1108 1706 1549 1782 Crevecuerh
1594 1706 1908 1781 firmavit
1942 1706 2262 1805 opidum,
2300 1711 2535 1783 Came-

421 1821 568 1897 raci
615 1821 1025 1920 proximum
1042 1879 1060 1911 ‚
1119 1821 1314 1920 quo'd
1363 1821 1515 1896 fore
1563 1821 1977 1896 intendebat
2023 1821 2213 1898 intus
2262 1823 2423 1898 urbi
2473 1834 2535 1900 et

419 1948 656 2013 terrae
714 1937 891 2012 foris
957 1936 1046 2011 ad
1110 1936 1589 2011 intolerabile²
1655 1936 2185 2013 detrimentum.
2259 1944 2337 2013 In
2400 1966 2535 2037 quo

423 2054 761 2129 velociter
795 2053 1158 2153 ingressus
1184 2077 1349 2127 cum
1374 2051 1716 2128 militibus
1743 2060 1815 2127 et
1842 2053 2313 2129 servientibus
2339 2055 2535 2143 sihi³‚

422 2170 625 2246 villas
660 2168 1194 2268 circumpositas
1229 2169 1702 2268 depopulatus
1747 2175 1859 2242 est
1901 2168 2146 2267 predis
2188 2177 2262 2243 et
2305 2171 2535 2246 incen-

419 2286 585 2375 diis,
626 2285 853 2384 captis
886 2292 1238 2359 terrarum
1277 2283 1668 2359 cultoribus
1703 2293 1827 2359 aut
1870 2285 2281 2360 interfectis.
2332 2285 2535 2362 Sedet

421 2403 492 2478 in
545 2401 815 2476 insidiis
862 2425 995 2499 per
1043 2400 1358 2500 singulos
1401 2400 1553 2475 dies
1607 2408 1688 2474 ut
1739 2402 1970 2500 rapiat
2019 2426 2374 2500 pauperes
2390 2460 2409 2491 ,
2465 2413 2535 2478 ut

421 2516 1281 2594 interficiatinnocentes⁴.
1302 2519 1701 2592 Conversus
1714 2516 1805 2591 ad
1820 2517 2252 2616 superbiam,
2273 2543 2535 2617 pronus

421 2634 513 2709 ad
540 2632 880 2708 malitiam
901 2632 956 2723 ⁵,
999 2633 1226 2707 factus
1263 2640 1373 2707 est
1407 2631 1787 2706 continuus
1823 2632 2189 2708 insidiator
2226 2635 2535 2721 omnium

422 2748 694 2823 venalia
717 2748 1075 2824 Gameraci
1101 2748 1291 2823 ferre
1313 2748 1728 2823 volentium.
1758 2753 2059 2826 Prorsus
2078 2752 2271 2826 enim
2296 2754 2535 2827 Came-

420 2864 828 2940 racensibus
864 2863 1317 2939 desiderabat
1346 2864 1623 2938 auferre
1659 2866 1971 2941 triticum
1988 2921 2006 2954 ‚
2050 2867 2151 2941 sal
2189 2876 2262 2941 et
2295 2868 2535 2942 vinum

420 2988 496 3056 et
539 2983 809 3057 fructus
854 2979 1228 3067 arborum,
1285 2979 1516 3078 pisces
1561 2980 1780 3054 maris
1822 2988 1894 3055 et
1937 2981 2125 3082 ligna
2171 2983 2532 3058 silvarum.

420 3101 606 3172 Haec
640 3094 991 3195 siquidem
1024 3094 1210 3169 mala
1245 3094 1582 3193 quamdiu
1619 3096 1878 3193 potuit,
1917 3097 2186 3173 tamdiu
2223 3098 2535 3198 irrogare

421 3237 867 3311 nequaquam
890 3210 1217 3286 cessavit.
1242 3210 1380 3285 Sed
1399 3210 1630 3286 omnis
1643 3211 2025 3310 posteritas
2042 3213 2117 3287 in
2130 3215 2535 3313 exemplum

416 3336 656 3404 teneat
689 3336 762 3401 et
797 3328 870 3403 in
906 3334 1322 3427 perpetuam
1347 3327 1605 3402 habeat
1635 3327 2056 3403 memoriam
2094 3355 2308 3429 quam
2332 3355 2535 3429 aper-

417 3453 565 3520 tam
619 3444 709 3520 de
764 3444 896 3520 hac
952 3443 1215 3517 malitia
1265 3447 1451 3518 Deus
1497 3443 1883 3519 ultionum⁶
1938 3446 2100 3520 fecit
2144 3446 2528 3547 justiciam,

418 3561 542 3660 qui
576 3560 899 3636 retribuit
936 3558 1377 3635 abundanter
1411 3559 1830 3636 facientibus
1867 3560 2342 3661 superbiam⁷.

491 3809 540 3865 1.
588 3811 669 3865 Vol
698 3812 807 3865 sui.
844 3809 993 3866 Note
1023 3807 1437 3867 interlineaire.

487 3898 540 3955 2.
583 3898 946 3953 intolerabile.
979 3896 1031 3953 Il
1058 3916 1097 3972 y
1125 3896 1282 3955 avait
1305 3896 1537 3955 d'abord
1565 3897 1710 3956 dans
1741 3897 1795 3955 le
1821 3915 1931 3957 ms.
1965 3900 2341 3955 intelorabile.

423 3976 428 3981 ’
488 3986 540 4043 3.
580 3988 707 4041 sibi.
744 3985 902 4043 Dans
930 3985 984 4043 le
1009 4001 1120 4044 ms.
1152 4001 1229 4043 on
1258 4003 1293 4044 a
1320 3985 1510 4060 ajout&
1538 3985 1837 4045 au·dessus
1868 3986 1938 4045 de
1969 3986 2026 4045 la
2053 3987 2207 4061 ligne
2240 4005 2253 4044 :
2284 3991 2366 4044 vel
2393 3992 2526 4043 suis.

489 4074 541 4130 4.
585 4074 781 4148 comp.
814 4077 902 4132 ps.
934 4073 1044 4146 lx,
1076 4074 1131 4147 8,
1164 4074 1218 4133 a.

489 4162 541 4218 5.
583 4161 781 4235 comp.
812 4163 929 4220 soh.
965 4160 1074 4234 xl,
1106 4162 1194 4219 12.
1226 4164 1397 4220 Εωοα.
1434 4161 1698 4237 xxxa,
1732 4162 1821 4221 22.

489 4251 541 4306 a.
583 4250 780 4323 comp.
815 4250 1234 4324 Ps.xC111‚1.

490 4340 542 4395 7.
586 4338 781 4413 Gomp.
820 4344 903 4397 Ps.
935 4340 1137 4415 XXX,
1166 4340 1257 4399 24.
