3478 5438
965 499 1030 552 92
1920 497 2123 550 ausu

967 638 1047 709 5⁴
1065 637 1110 708 9
1503 632 1705 724 Quod
1735 631 1999 707 faciens
2030 632 2399 708 exterritat

1400 749 1773 826 universos
1809 774 1941 848 per
1973 749 2339 826 Flandrias

1403 873 1618 964 atque
1654 889 1942 939 omnem
1976 864 2100 962 qui
2136 865 2367 940 menia

1399 988 1650 1056 eontra
1684 981 1882 1054 illum
1916 981 2353 1056 firmaverat.

969 1099 1110 1176 520
1499 1094 1755 1173 Vasalli
1788 1119 1965 1169 vero
2000 1096 2279 1180 eqmitis

1397 1235 1581 1309 quos
1613 1210 1881 1284 locarat
1914 1211 2272 1286 cameraci

1399 1326 1490 1401 ad
1525 1325 1999 1400 resistendum
2036 1326 2263 1400 eesari

1397 1443 1808 1518 discurrunt
1845 1441 2049 1516 valde
2084 1441 2342 1541 trepidi
2355 1499 2373 1516 .

961 1563 1091 1638 52⁴
1499 1557 1607 1632 Ab
1639 1557 1944 1632 invicem
1980 1556 2429 1648 dissentiunt,

1401 1675 1587 1748 mori
1621 1673 1952 1749 timentes
1988 1675 2268 1748 seviunt
2309 1703 2327 1747 ε

1403 1788 1575 1888 quid
1611 1789 1709 1863 illi
1744 1789 2033 1864 tandem
2066 1790 2372 1865 faciunt?

1401 1905 1580 1982 urbe
1619 1906 1862 1980 relicta
1896 1905 2195 2005 fugiunt.

965 2025 1108 2101 522
1500 2025 1815 2096 Duaeum
1850 2020 2140 2095 intravit
2174 2046 2438 2110 eomes,

1401 2161 1518 2211 res
1553 2144 1763 2210 ornat
1798 2135 2293 2226 defensabiles,

1400 2260 1640 2326 monet
1675 2260 1968 2326 cunctos
2004 2277 2147 2326 non
2173 2251 2496 2352 ‘segniter

1400 2375 1480 2441 ut
1515 2392 1594 2442 se
1627 2366 2011 2442 defendant
2047 2368 2352 2442 fortiter.

967 2486 1108 2561 523
1499 2486 1712 2559 Cesar
1749 2493 1915 2582 post
1949 2484 2141 2559 diem
2177 2483 2475 2558 tercium

1402 2598 1747 2674 assultum
1783 2598 2038 2698 prebet
2074 2599 2464 2674 maximum
2508 2626 2524 2672 :

1405 2715 1655 2790 Comes
1689 2713 1957 2789 resistit
1992 2713 2313 2803 nimium,

1403 2830 1615 2904 Cesar
1647 2854 1789 2903 non
1826 2831 2013 2928 eapit
2046 2829 2419 2929 oppidum.

969 2942 1113 3021 524
1501 2950 1678 3019 Nam
1712 2946 1975 3020 cesaris
2012 2946 2363 3021 exereitus

1405 3058 1645 3133 multis
1679 3058 1753 3133 in
1790 3059 1937 3134 suis
1970 3060 2289 3158 partibus

1404 3174 1787 3251 interfectis
1822 3175 2159 3251 militibus

1408 3292 1753 3367 assultum
1786 3292 1989 3391 liquit
2028 3293 2257 3367 citius,

1125 3538 1250 3605 De
1294 3552 1500 3620 paee
1540 3535 1761 3603 inter
1797 3536 2374 3618 imperatorem
2415 3536 2503 3603 et
2540 3536 2917 3604 comitem

1784 3640 2258 3709 reformata..

971 3864 1114 3939 525
1503 3867 1694 3938 Tunc
1728 3886 1977 3938 omnes
2014 3861 2206 3960 regis
2240 3860 2623 3959 principes,

1409 3978 1625 4053 duces
1660 3978 2037 4078 magnique
2074 3976 2418 4075 presules,

1407 4094 1730 4183 videntes
1766 4093 1958 4193 quod
1997 4118 2139 4168 non
2174 4102 2459 4192 caperet

1408 4232 1637 4306 neque
1673 4208 1767 4283 ibi
1808 4210 2209 4308 proficeret,
