3478 5438
971 441 1057 493 276
1826 507 1833 514 p
1918 441 2117 506 essu

1401 576 1755 652 cameraci
1792 575 2225 651 aecclesiam.

1011 694 1105 770 20
1498 695 1674 766 Ecce
1709 690 1966 767 horum
2000 691 2281 782 intuitu,

1397 807 1688 883 consilio
1724 816 1799 882 et
1832 808 2132 898 monitu,

1395 932 1646 998 vocato
1679 925 1935 998 Sancto
1967 924 2231 1022 Spiritu

1395 1037 1635 1136 presul
1667 1039 2309 1140 presenseligitur¹

1003 1157 1084 1232 21
1492 1154 1863 1230 Nicholaus
1900 1154 2305 1254 prepositus

1391 1270 1734 1346 oriundus
1770 1271 2123 1346 nobilibus

1389 1387 1597 1488 longe
1635 1387 1821 1461 notis
1857 1383 2343 1486 parentibus²‚

1387 1510 1632 1602 gratus
1665 1501 1813 1576 vita
1848 1510 1922 1576 et
1956 1501 2301 1592 moribus,

998 1617 1095 1696 22
1485 1617 1558 1692 in
1594 1618 1726 1694 hac
1760 1625 2002 1718 nostra
2038 1617 2373 1694 aeeclesia

1385 1733 1690 1809 nutritus
1723 1733 1816 1808 ab
1850 1732 2165 1820 infantia,

1383 1848 1653 1926 cunctis
1689 1847 2001 1948 prebens
2036 1847 2325 1924 servitia

1381 1966 1769 2042 humilitate
1806 1966 2047 2060 nimia.

993 2085 1090 2160 23
1482 2084 1672 2171 Quae
1707 2081 1941 2157 virtus
1973 2090 2085 2156 est
2117 2078 2486 2158 laudabilis

1377 2203 1593 2295 atque
1627 2201 1775 2271 Deo
1806 2195 2133 2272 amabilis

1379 2320 1454 2386 et
1487 2311 1745 2412 dignus
1778 2320 1890 2386 est
1924 2336 2057 2411 pre
2088 2311 2341 2388 ceteris

1375 2434 1456 2502 ut
1490 2426 1843 2504 exaltetur
1876 2427 2185 2503 humilis,

987 2541 1086 2619 24
1475 2543 1795 2618 Electum
1830 2567 2003 2644 ergo
2042 2541 2399 2643 presulem

1373 2658 1602 2734 bonae
1638 2657 1895 2735 indolis
1923 2658 2261 2759 juvenem

1373 2774 1460 2849 ad
1499 2776 1901 2875 presulatus
1938 2774 2257 2875 regimen

1373 2888 1632 2964 exaltat
1667 2894 1853 2965 Deus
1886 2889 2255 2965 humilem.

980 3006 1076 3081 25
1470 3005 1596 3081 Cui
1631 3006 1956 3081 consultu
1994 3006 2424 3105 principum,

1369 3116 1709 3195 electione
1748 3119 2141 3219 presulum,

1369 3259 1548 3310 voce
1582 3235 2196 3311 cameracensium

1368 3350 1496 3427 dat
1529 3350 1664 3426 sibi
1701 3350 2143 3451 pontificium

975 3464 1070 3541 26
1463 3489 1662 3541 cesar
1697 3466 1833 3542 sub
1869 3464 2006 3541 illis
2037 3464 2311 3565 legibus

999 3737 1049 3793 1.
1091 3734 1244 3795 C'est
1280 3736 1334 3795 le
1365 3738 1496 3813 jour
1535 3740 1726 3796 meme
1756 3737 1827 3796 de
1854 3736 1910 3795 ln
1936 3738 2049 3797 sete
2079 3738 2151 3798 de
2179 3738 2408 3814 Pfiques
2438 3738 2527 3813 (22
2554 3739 2730 3815 mars)
2761 3738 2901 3799 1136
2928 3755 3035 3814 que

925 3840 986 3882 se
1015 3825 1080 3882 fit
1107 3826 1390 3885 l'election
1419 3826 1490 3885 de
1519 3826 1754 3885 Nicolss
1783 3828 2008 3899 (Lamh.
2039 3827 2319 3902 Watoel.,
2348 3846 2405 3901 p.
2439 3828 2584 3902 514).

993 3912 1046 3969 2.
1087 3913 1346 3988 Nicolas,
1391 3916 1728 3973 sul-nomme
1765 3917 1977 3975 Clairet
2008 3920 2213 3991 (comp.
2250 3916 2383 3991 plus
2420 3915 2567 3975 haut
2594 3934 2649 3990 p.
2694 3916 2820 3991 172,
2862 3920 3033 3991 note),

919 4002 1062 4060 etait
1089 4003 1180 4061 fils
1207 4004 1454 4080 d'Isaac,
1485 4006 1608 4079 pair
1636 4006 1714 4063 du
1742 4006 1982 4064 chaman
2012 4006 2085 4064 de
2112 4008 2301 4079 Mons,
2332 4006 2405 4063 de
2433 4006 2856 4065 Valenciennes
2882 4006 3032 4064 etde

918 4092 1245 4153 Beuumont
1273 4098 1556 4166 (Balduin.
1583 4098 1803 4165 Ave-m„
1828 4112 1885 4169 p.
1910 4094 2039 4154 289.
2062 4124 2130 4140 -
2152 4099 2270 4155 1300.
2292 4098 2385 4154 des
2404 4098 2549 4155 Hist.
2572 4098 2637 4153 de
2654 4098 2770 4167 Fr„
2796 4104 2839 4154 t.
2862 4096 3027 4169 XIII,

917 4198 976 4257 p.
1009 4182 1134 4256 552,
1163 4190 1283 4241 not.
1315 4184 1385 4257 b).
2382 4200 2387 4203 ·
