3478 5438
487 843 576 913 ⁴3

488 1301 579 1376 ⁴4

489 1766 579 1837 ⁴5

488 2229 581 2299 ⁴6

486 3049 575 3118 ⁴7

490 3513 582 3586 ⁴8

485 3976 581 4047 49

1348 473 1625 526 nicom.

872 609 1007 685 nisi
1039 610 1163 708 qui
1198 609 1426 708 possit
1459 609 1844 686 marchiam

871 733 944 799 et
978 725 1159 798 hanc
1191 723 1379 800 tueri
1410 723 1746 822 patriam.

968 839 1175 916 Plebs
1210 863 1386 940 ergo
1416 839 1940 916 Cameracensis

870 979 1305 1056 cognoscens
1336 954 1521 1030 velle
1550 956 1840 1046 cesaris,

871 1070 1119 1172 legatis
1152 1069 1393 1148 missis
1426 1068 1583 1148 aliis

874 1209 1040 1262 cum
1074 1185 1392 1288 sigillatis
1424 1185 1708 1276 litteris,

970 1301 1368 1378 concedunt
1399 1301 1590 1378 votis
1624 1301 1958 1378 omnibus

871 1425 952 1493 ut
984 1417 1076 1491 ab
1112 1415 1248 1493 illis
1282 1415 1661 1492 abbatibus

870 1541 1033 1608 ante
1066 1557 1313 1633 regem
1346 1532 1800 1632 presentibus

871 1648 1171 1748 eligatur
1205 1647 1587 1747 episcopus

971 1772 1044 1838 et
1076 1763 1351 1840 ottonis
1386 1763 1479 1842 de
1511 1787 1820 1864 persona

874 1888 1146 1955 cassata
1180 1881 1274 1956 sit
1306 1881 1677 1971 memoria,

874 2022 1057 2096 quae
1093 2021 1237 2072 non
1269 1996 1404 2072 fuit
1436 1997 1796 2072 nominata

872 2112 1004 2186 nisi
1040 2137 1207 2188 cum
1242 2112 1433 2212 regis
1462 2113 1715 2212 gratia.

970 2231 1123 2302 Rex
1158 2228 1294 2301 hoc
1328 2235 1559 2302 totum
1592 2227 1961 2326 prohibuit

872 2351 945 2417 et
978 2341 1370 2442 prohibens
1405 2342 1751 2430 destituit,

872 2459 1039 2557 quia
1073 2459 1269 2558 quod
1305 2483 1463 2534 esse
1498 2458 1725 2534 noluit

874 2583 1111 2650 ratum
1146 2583 1334 2650 stare
1366 2599 1507 2650 non
1547 2573 1819 2650 debuit.

771 2818 897 2885 Dc
943 2818 1345 2887 electione
1388 2818 1772 2887 nicholai
1819 2817 2208 2901 episcopi.

968 3048 1163 3121 Tunc
1196 3069 1325 3120 rex
1362 3053 1515 3119 erat
1549 3044 1972 3145 Aquisgrani

872 3162 946 3235 in
981 3170 1227 3236 sancto
1262 3162 1527 3261 pascha
1560 3160 1868 3249 Domini,
1925 3160 1932 3169 ’

872 3278 947 3351 in
980 3277 1099 3351 die
1134 3276 1427 3376 quidem
1458 3275 1719 3351 celebri

876 3392 1135 3468 letitiae
1168 3400 1245 3468 et
1276 3392 1513 3493 gaudii
1555 3418 1573 3465 ε

972 3508 1097 3583 ubi
1131 3508 1349 3584 duces
1382 3516 1457 3583 et
1490 3506 1788 3582 comites

879 3631 1356 3699 convenerant
1387 3631 1460 3697 et
1491 3623 1854 3723 principes

875 3738 1218 3838 multique
1252 3738 1389 3813 viri
1424 3740 1707 3829 divites,

872 3856 1167 3932 abbates
1198 3864 1271 3930 et
1305 3854 1702 3955 pontifices.

970 3971 1129 4047 Fuit
1163 3971 1538 4046 cardinalis
1574 3970 1866 4069 quidam
1965 4004 1970 4009 ·

876 4086 969 4163 ad
1004 4087 1184 4163 hanc
1219 4087 1519 4162 eandem
1554 4086 1848 4176 curiam,

876 4212 1169 4303 paratus
1204 4203 1291 4279 ad
1330 4202 1834 4279 consulendam

2461 479 2550 566 ¹75
