<?xml version="1.0" encoding="UTF-8"?>
<!DOCTYPE html PUBLIC "-//W3C//DTD XHTML 1.0 Transitional//EN"
    "http://www.w3.org/TR/xhtml1/DTD/xhtml1-transitional.dtd">
<html xmlns="http://www.w3.org/1999/xhtml" xml:lang="en" lang="en">
 <head>
  <title>
</title>
<meta http-equiv="Content-Type" content="text/html;charset=utf-8" />
  <meta name='ocr-system' content='tesseract 3.04.00' />
  <meta name='ocr-capabilities' content='ocr_page ocr_carea ocr_par ocr_line ocrx_word'/>
</head>
<body>
  <div class='ocr_page' id='page_1' title='image "./gestesdesvquesd01unkngoog_0098.png"; bbox 0 0 3478 5438; ppageno 0'>
   <div class='ocr_carea' id='block_1_1' title="bbox 942 433 2106 496">
    <p class='ocr_par' dir='ltr' id='par_1_1' title="bbox 942 433 2106 496">
     <span class='ocr_line' id='line_1_1' title="bbox 942 433 2106 496; baseline -0.009 -1"><span class='ocrx_word' id='word_1_1' title='bbox 942 443 1001 496; x_wconf 73' lang='lat'><strong>44</strong></span> <span class='ocrx_word' id='word_1_2' title='bbox 1901 433 2106 488; x_wconf 58' lang='lat' dir='ltr'><strong>ama</strong></span> 
     </span>
    </p>
   </div>
   <div class='ocr_carea' id='block_1_2' title="bbox 940 570 2480 1712">
    <p class='ocr_par' dir='ltr' id='par_1_2' title="bbox 940 570 2480 1712">
     <span class='ocr_line' id='line_1_2' title="bbox 1381 570 2306 669; baseline -0.004 -21"><span class='ocrx_word' id='word_1_3' title='bbox 1381 571 1836 649; x_wconf 86' lang='lat' dir='ltr'><strong>Remensium</strong></span> <span class='ocrx_word' id='word_1_4' title='bbox 1870 570 2306 669; x_wconf 86' lang='lat' dir='ltr'><strong>episcopus¹.</strong></span> 
     </span>
     <span class='ocr_line' id='line_1_3' title="bbox 1382 685 2096 765; baseline -0.004 0"><span class='ocrx_word' id='word_1_5' title='bbox 1382 687 1507 765; x_wconf 84' lang='lat' dir='ltr'><strong>Cui</strong></span> <span class='ocrx_word' id='word_1_6' title='bbox 1546 685 1884 764; x_wconf 80' lang='lat' dir='ltr'><strong>suecessit</strong></span> <span class='ocrx_word' id='word_1_7' title='bbox 1917 686 2096 762; x_wconf 86' lang='lat' dir='ltr'><strong>alius</strong></span> 
     </span>
     <span class='ocr_line' id='line_1_4' title="bbox 944 801 2197 900; baseline -0.006 -15"><span class='ocrx_word' id='word_1_8' title='bbox 944 810 1089 886; x_wconf 76' lang='lat'><strong>250</strong></span> <span class='ocrx_word' id='word_1_9' title='bbox 1481 804 1555 877; x_wconf 86' lang='lat' dir='ltr'><strong>in</strong></span> <span class='ocrx_word' id='word_1_10' title='bbox 1590 801 2197 900; x_wconf 74' lang='lat' dir='ltr'>archiepiscopatu</span> 
     </span>
     <span class='ocr_line' id='line_1_5' title="bbox 1382 907 2360 1019; baseline 0.004 -27"><span class='ocrx_word' id='word_1_11' title='bbox 1382 919 1505 1019; x_wconf 86' lang='lat' dir='ltr'><strong>qui</strong></span> <span class='ocrx_word' id='word_1_12' title='bbox 1540 921 1893 994; x_wconf 68' lang='lat' dir='ltr'><strong>Manassen</strong></span> <span class='ocrx_word' id='word_1_13' title='bbox 1927 907 2360 1018; x_wconf 76' lang='lat' dir='ltr'><strong>appellatur²</strong></span> 
     </span>
     <span class='ocr_line' id='line_1_6' title="bbox 1378 1034 2125 1134; baseline -0.001 -24"><span class='ocrx_word' id='word_1_14' title='bbox 1378 1034 1705 1134; x_wconf 78' lang='lat' dir='ltr'><strong>equivoci</strong></span> <span class='ocrx_word' id='word_1_15' title='bbox 1738 1034 2125 1110; x_wconf 85' lang='lat' dir='ltr'><strong>avunculus</strong></span> 
     </span>
     <span class='ocr_line' id='line_1_7' title="bbox 1378 1150 2440 1248; baseline -0.003 -20"><span class='ocrx_word' id='word_1_16' title='bbox 1378 1155 1695 1228; x_wconf 70' lang='lat' dir='ltr'><strong>manasse</strong></span> <span class='ocrx_word' id='word_1_17' title='bbox 1732 1151 1822 1227; x_wconf 90' lang='lat' dir='ltr'><strong>de</strong></span> <span class='ocrx_word' id='word_1_18' title='bbox 1859 1176 2003 1248; x_wconf 87' lang='lat' dir='ltr'><strong>quo</strong></span> <span class='ocrx_word' id='word_1_19' title='bbox 2041 1150 2440 1228; x_wconf 74' lang='lat' dir='ltr'><strong>scribimus.</strong></span> 
     </span>
     <span class='ocr_line' id='line_1_8' title="bbox 940 1266 2328 1365; baseline -0.004 -17"><span class='ocrx_word' id='word_1_20' title='bbox 940 1273 1071 1349; x_wconf 63' lang='lat'><strong>25⁴</strong></span> <span class='ocrx_word' id='word_1_21' title='bbox 1476 1267 1605 1342; x_wconf 90' lang='lat' dir='ltr'><strong>Hic</strong></span> <span class='ocrx_word' id='word_1_22' title='bbox 1639 1266 2077 1365; x_wconf 75' lang='lat' dir='ltr'><strong>archipresul</strong></span> <span class='ocrx_word' id='word_1_23' title='bbox 2113 1266 2328 1342; x_wconf 87' lang='lat' dir='ltr'><strong>etiam</strong></span> 
     </span>
     <span class='ocr_line' id='line_1_9' title="bbox 1376 1381 2348 1456; baseline 0 0"><span class='ocrx_word' id='word_1_24' title='bbox 1376 1381 1559 1456; x_wconf 84' lang='lat' dir='ltr'><strong>hanc</strong></span> <span class='ocrx_word' id='word_1_25' title='bbox 1592 1382 1669 1456; x_wconf 88' lang='lat' dir='ltr'><strong>in</strong></span> <span class='ocrx_word' id='word_1_26' title='bbox 1702 1381 1942 1456; x_wconf 84' lang='lat' dir='ltr'><strong>banno</strong></span> <span class='ocrx_word' id='word_1_27' title='bbox 1977 1381 2348 1456; x_wconf 83' lang='lat' dir='ltr'><strong>ecclesiam</strong></span> 
     </span>
     <span class='ocr_line' id='line_1_10' title="bbox 1380 1497 2480 1596; baseline 0.002 -25"><span class='ocrx_word' id='word_1_28' title='bbox 1380 1497 1485 1571; x_wconf 89' lang='lat' dir='ltr'><strong>sic</strong></span> <span class='ocrx_word' id='word_1_29' title='bbox 1519 1505 1717 1574; x_wconf 89' lang='lat' dir='ltr'><strong>tenet</strong></span> <span class='ocrx_word' id='word_1_30' title='bbox 1750 1507 2052 1596; x_wconf 89' lang='lat' dir='ltr'><strong>propter</strong></span> <span class='ocrx_word' id='word_1_31' title='bbox 2085 1500 2480 1576; x_wconf 75' lang='lat' dir='ltr'><strong>Manassem</strong></span> 
     </span>
     <span class='ocr_line' id='line_1_11' title="bbox 1384 1613 2239 1712; baseline 0.005 -26"><span class='ocrx_word' id='word_1_32' title='bbox 1384 1613 1563 1687; x_wconf 88' lang='lat' dir='ltr'><strong>sicut</strong></span> <span class='ocrx_word' id='word_1_33' title='bbox 1598 1613 1870 1687; x_wconf 82' lang='lat' dir='ltr'><strong>invenit</strong></span> <span class='ocrx_word' id='word_1_34' title='bbox 1906 1613 2239 1712; x_wconf 82' lang='lat' dir='ltr'><strong>positam.</strong></span> 
     </span>
    </p>
   </div>
   <div class='ocr_carea' id='block_1_3' title="bbox 940 1728 2409 2293">
    <p class='ocr_par' dir='ltr' id='par_1_3' title="bbox 942 1728 2366 2176">
     <span class='ocr_line' id='line_1_12' title="bbox 942 1728 2366 1829; baseline -0.001 -21"><span class='ocrx_word' id='word_1_35' title='bbox 942 1733 1091 1808; x_wconf 73' lang='lat'><strong>252</strong></span> <span class='ocrx_word' id='word_1_36' title='bbox 1480 1729 1657 1802; x_wconf 88' lang='lat' dir='ltr'><strong>Hinc</strong></span> <span class='ocrx_word' id='word_1_37' title='bbox 1694 1728 2014 1804; x_wconf 87' lang='lat' dir='ltr'><strong>Galcheri</strong></span> <span class='ocrx_word' id='word_1_38' title='bbox 2049 1728 2366 1829; x_wconf 74' lang='lat' dir='ltr'><strong>episcopi</strong></span> 
     </span>
     <span class='ocr_line' id='line_1_13' title="bbox 1378 1845 2184 1936; baseline 0 -16"><span class='ocrx_word' id='word_1_39' title='bbox 1378 1845 1798 1920; x_wconf 85' lang='lat' dir='ltr'><strong>colletantur</strong></span> <span class='ocrx_word' id='word_1_40' title='bbox 1831 1847 2184 1936; x_wconf 77' lang='lat' dir='ltr'><strong>malevoli,</strong></span> 
     </span>
     <span class='ocr_line' id='line_1_14' title="bbox 1377 1960 2134 2060; baseline -0.003 -24"><span class='ocrx_word' id='word_1_41' title='bbox 1377 1960 1503 2060; x_wconf 89' lang='lat' dir='ltr'><strong>qui</strong></span> <span class='ocrx_word' id='word_1_42' title='bbox 1536 1961 1886 2060; x_wconf 84' lang='lat' dir='ltr'><strong>cogitatus</strong></span> <span class='ocrx_word' id='word_1_43' title='bbox 1920 1961 2134 2034; x_wconf 88' lang='lat' dir='ltr'><strong>animi</strong></span> 
     </span>
     <span class='ocr_line' id='line_1_15' title="bbox 1379 2075 2188 2176; baseline 0 -25"><span class='ocrx_word' id='word_1_44' title='bbox 1379 2075 1883 2152; x_wconf 79' lang='lat' dir='ltr'><strong>desiderabant</strong></span> <span class='ocrx_word' id='word_1_45' title='bbox 1913 2077 2156 2176; x_wconf 82' lang='lat' dir='ltr'><strong>perfici</strong></span> <span class='ocrx_word' id='word_1_46' title='bbox 2169 2131 2188 2151; x_wconf 87' lang='lat'><strong>.</strong></span> 
     </span>
    </p>

    <p class='ocr_par' dir='ltr' id='par_1_4' title="bbox 940 2191 2409 2293">
     <span class='ocr_line' id='line_1_16' title="bbox 940 2191 2409 2293; baseline 0.001 -27"><span class='ocrx_word' id='word_1_47' title='bbox 940 2191 1085 2267; x_wconf 71' lang='lat'><strong>253</strong></span> <span class='ocrx_word' id='word_1_48' title='bbox 1478 2197 1653 2268; x_wconf 89' lang='lat' dir='ltr'><strong>Nam</strong></span> <span class='ocrx_word' id='word_1_49' title='bbox 1692 2200 1895 2268; x_wconf 86' lang='lat' dir='ltr'><strong>erant</strong></span> <span class='ocrx_word' id='word_1_50' title='bbox 1928 2192 2003 2266; x_wconf 88' lang='lat' dir='ltr'><strong>in</strong></span> <span class='ocrx_word' id='word_1_51' title='bbox 2037 2194 2409 2293; x_wconf 80' lang='lat' dir='ltr'><strong>angustiis,</strong></span> 
     </span>
    </p>
   </div>
   <div class='ocr_carea' id='block_1_4' title="bbox 943 2308 2484 3104">
    <p class='ocr_par' dir='ltr' id='par_1_5' title="bbox 1380 2308 2240 2640">
     <span class='ocr_line' id='line_1_17' title="bbox 1380 2308 2240 2406; baseline 0.002 -24"><span class='ocrx_word' id='word_1_52' title='bbox 1380 2310 1453 2382; x_wconf 89' lang='lat' dir='ltr'><strong>in</strong></span> <span class='ocrx_word' id='word_1_53' title='bbox 1487 2308 1854 2384; x_wconf 83' lang='lat' dir='ltr'><strong>laboribus</strong></span> <span class='ocrx_word' id='word_1_54' title='bbox 1890 2308 2240 2406; x_wconf 87' lang='lat' dir='ltr'><strong>plurimis,</strong></span> 
     </span>
     <span class='ocr_line' id='line_1_18' title="bbox 1382 2424 2116 2513; baseline -0.001 -12"><span class='ocrx_word' id='word_1_55' title='bbox 1382 2424 1633 2501; x_wconf 88' lang='lat' dir='ltr'><strong>diebus</strong></span> <span class='ocrx_word' id='word_1_56' title='bbox 1670 2425 1744 2499; x_wconf 87' lang='lat' dir='ltr'><strong>in</strong></span> <span class='ocrx_word' id='word_1_57' title='bbox 1780 2425 2116 2513; x_wconf 83' lang='lat' dir='ltr'><strong>consiliis,</strong></span> 
     </span>
     <span class='ocr_line' id='line_1_19' title="bbox 1385 2539 2204 2640; baseline 0.002 -25"><span class='ocrx_word' id='word_1_58' title='bbox 1385 2539 1712 2617; x_wconf 89' lang='lat' dir='ltr'><strong>noctibus</strong></span> <span class='ocrx_word' id='word_1_59' title='bbox 1745 2542 1819 2615; x_wconf 88' lang='lat' dir='ltr'><strong>in</strong></span> <span class='ocrx_word' id='word_1_60' title='bbox 1855 2541 2204 2640; x_wconf 88' lang='lat' dir='ltr'><strong>suspiriis,</strong></span> 
     </span>
    </p>

    <p class='ocr_par' dir='ltr' id='par_1_6' title="bbox 943 2653 2484 3104">
     <span class='ocr_line' id='line_1_20' title="bbox 943 2653 2484 2734; baseline 0.003 -4"><span class='ocrx_word' id='word_1_61' title='bbox 943 2653 1091 2730; x_wconf 72' lang='lat'><strong>254</strong></span> <span class='ocrx_word' id='word_1_62' title='bbox 1482 2664 1880 2734; x_wconf 78' lang='lat' dir='ltr'><strong>scrutantes</strong></span> <span class='ocrx_word' id='word_1_63' title='bbox 1913 2665 2154 2733; x_wconf 84' lang='lat' dir='ltr'><strong>mente</strong></span> <span class='ocrx_word' id='word_1_64' title='bbox 2187 2657 2484 2734; x_wconf 86' lang='lat' dir='ltr'><strong>subdola</strong></span> 
     </span>
     <span class='ocr_line' id='line_1_21' title="bbox 1383 2772 2332 2872; baseline 0.002 -25"><span class='ocrx_word' id='word_1_65' title='bbox 1383 2798 1523 2871; x_wconf 83' lang='lat' dir='ltr'><strong>qua</strong></span> <span class='ocrx_word' id='word_1_66' title='bbox 1558 2772 1821 2863; x_wconf 69' lang='lat' dir='ltr'><strong>fronte,</strong></span> <span class='ocrx_word' id='word_1_67' title='bbox 1861 2799 2003 2872; x_wconf 86' lang='lat' dir='ltr'><strong>qua</strong></span> <span class='ocrx_word' id='word_1_68' title='bbox 2038 2773 2332 2849; x_wconf 83' lang='lat' dir='ltr'><strong>audacia</strong></span> 
     </span>
     <span class='ocr_line' id='line_1_22' title="bbox 1383 2890 2306 2988; baseline 0 -23"><span class='ocrx_word' id='word_1_69' title='bbox 1383 2890 1623 2988; x_wconf 82' lang='lat' dir='ltr'><strong>presul</strong></span> <span class='ocrx_word' id='word_1_70' title='bbox 1660 2890 2040 2965; x_wconf 80' lang='lat' dir='ltr'><strong>Galcherus</strong></span> <span class='ocrx_word' id='word_1_71' title='bbox 2073 2890 2306 2965; x_wconf 79' lang='lat' dir='ltr'><strong>valeat</strong></span> 
     </span>
     <span class='ocr_line' id='line_1_23' title="bbox 1384 3005 2230 3104; baseline -0.001 -24"><span class='ocrx_word' id='word_1_72' title='bbox 1384 3005 1475 3080; x_wconf 85' lang='lat' dir='ltr'><strong>ab</strong></span> <span class='ocrx_word' id='word_1_73' title='bbox 1511 3006 1642 3080; x_wconf 90' lang='lat' dir='ltr'><strong>hac</strong></span> <span class='ocrx_word' id='word_1_74' title='bbox 1677 3005 1936 3103; x_wconf 84' lang='lat' dir='ltr'><strong>expelli</strong></span> <span class='ocrx_word' id='word_1_75' title='bbox 1971 3005 2230 3104; x_wconf 85' lang='lat' dir='ltr'><strong>patria.</strong></span> 
     </span>
    </p>
   </div>
   <div class='ocr_carea' id='block_1_5' title="bbox 945 3119 2366 3323">
    <p class='ocr_par' dir='ltr' id='par_1_7' title="bbox 945 3119 2366 3323">
     <span class='ocr_line' id='line_1_24' title="bbox 945 3119 2366 3197; baseline -0.001 0"><span class='ocrx_word' id='word_1_76' title='bbox 945 3123 1091 3197; x_wconf 72' lang='lat'><strong>255</strong></span> <span class='ocrx_word' id='word_1_77' title='bbox 1484 3121 1741 3197; x_wconf 84' lang='lat' dir='ltr'><strong>Audite</strong></span> <span class='ocrx_word' id='word_1_78' title='bbox 1775 3144 1934 3196; x_wconf 88' lang='lat' dir='ltr'><strong>rem</strong></span> <span class='ocrx_word' id='word_1_79' title='bbox 1969 3119 2366 3195; x_wconf 87' lang='lat' dir='ltr'><strong>mirabilem</strong></span> 
     </span>
     <span class='ocr_line' id='line_1_25' title="bbox 1384 3234 2334 3323; baseline 0 -12"><span class='ocrx_word' id='word_1_80' title='bbox 1384 3244 1459 3311; x_wconf 91' lang='lat' dir='ltr'><strong>et</strong></span> <span class='ocrx_word' id='word_1_81' title='bbox 1492 3236 1798 3312; x_wconf 81' lang='lat' dir='ltr'><strong>multum</strong></span> <span class='ocrx_word' id='word_1_82' title='bbox 1835 3234 2334 3323; x_wconf 80' lang='lat' dir='ltr'><strong>execrabilem,</strong></span> 
     </span>
    </p>
   </div>
   <div class='ocr_carea' id='block_1_6' title="bbox 946 3482 3062 4091">
    <p class='ocr_par' dir='ltr' id='par_1_8' title="bbox 948 3482 3061 3807">
     <span class='ocr_line' id='line_1_26' title="bbox 1022 3482 3060 3559; baseline 0.002 -20"><span class='ocrx_word' id='word_1_83' title='bbox 1022 3484 1073 3539; x_wconf 73' lang='lat'><strong>1.</strong></span> <span class='ocrx_word' id='word_1_84' title='bbox 1116 3484 1199 3541; x_wconf 81' lang='lat' dir='ltr'><strong>Le</strong></span> <span class='ocrx_word' id='word_1_85' title='bbox 1225 3484 1287 3543; x_wconf 76' lang='lat'><strong>21</strong></span> <span class='ocrx_word' id='word_1_86' title='bbox 1317 3484 1545 3559; x_wconf 77' lang='lat' dir='ltr'><strong>janvier</strong></span> <span class='ocrx_word' id='word_1_87' title='bbox 1572 3484 1709 3543; x_wconf 81' lang='grc'>1096</span> <span class='ocrx_word' id='word_1_88' title='bbox 1724 3527 1739 3557; x_wconf 88' lang='grc'><em>,</em></span> <span class='ocrx_word' id='word_1_89' title='bbox 1781 3484 2001 3558; x_wconf 71' lang='lat' dir='ltr'><strong>d&#39;apres</strong></span> <span class='ocrx_word' id='word_1_90' title='bbox 2029 3484 2086 3543; x_wconf 88' lang='lat' dir='ltr'><strong>la</strong></span> <span class='ocrx_word' id='word_1_91' title='bbox 2113 3483 2278 3541; x_wconf 82' lang='lat' dir='ltr'><strong>lettre</strong></span> <span class='ocrx_word' id='word_1_92' title='bbox 2306 3483 2384 3541; x_wconf 87' lang='lat' dir='ltr'><strong>du</strong></span> <span class='ocrx_word' id='word_1_93' title='bbox 2413 3483 2672 3557; x_wconf 81' lang='lat' dir='ltr'><strong>chapitre</strong></span> <span class='ocrx_word' id='word_1_94' title='bbox 2698 3482 2770 3541; x_wconf 88' lang='lat' dir='ltr'><strong>de</strong></span> <span class='ocrx_word' id='word_1_95' title='bbox 2797 3482 3004 3541; x_wconf 87' lang='lat' dir='ltr'><strong>Reims</strong></span> <span class='ocrx_word' id='word_1_96' title='bbox 3025 3485 3060 3543; x_wconf 72' lang='grc' dir='ltr'><strong>ὲ</strong></span> 
     </span>
     <span class='ocr_line' id='line_1_27' title="bbox 948 3572 3058 3648; baseline 0 -19"><span class='ocrx_word' id='word_1_97' title='bbox 948 3572 1219 3631; x_wconf 80' lang='lat' dir='ltr'><strong>Lambert</strong></span> <span class='ocrx_word' id='word_1_98' title='bbox 1247 3572 1465 3648; x_wconf 58' lang='lat' dir='ltr'><strong>evaque</strong></span> <span class='ocrx_word' id='word_1_99' title='bbox 1494 3573 1731 3633; x_wconf 85' lang='lat' dir='ltr'><strong>d’Arras</strong></span> <span class='ocrx_word' id='word_1_100' title='bbox 1765 3576 1994 3647; x_wconf 74' lang='lat' dir='ltr'><strong>(Recuoiz</strong></span> <span class='ocrx_word' id='word_1_101' title='bbox 2023 3574 2114 3629; x_wconf 77' lang='lat' dir='ltr'><strong>des</strong></span> <span class='ocrx_word' id='word_1_102' title='bbox 2150 3576 2456 3630; x_wconf 71' lang='lat' dir='ltr'><strong>Historiam</strong></span> <span class='ocrx_word' id='word_1_103' title='bbox 2483 3576 2548 3630; x_wconf 78' lang='lat' dir='ltr'><strong>do</strong></span> <span class='ocrx_word' id='word_1_104' title='bbox 2583 3574 2808 3642; x_wconf 75' lang='lat' dir='ltr'><strong>Franco,</strong></span> <span class='ocrx_word' id='word_1_105' title='bbox 2843 3580 2885 3631; x_wconf 81' lang='lat' dir='ltr'><strong>t.</strong></span> <span class='ocrx_word' id='word_1_106' title='bbox 2919 3572 3058 3647; x_wconf 79' lang='lat' dir='ltr'><strong>XV,</strong></span> 
     </span>
     <span class='ocr_line' id='line_1_28' title="bbox 950 3661 3061 3737; baseline 0 -18"><span class='ocrx_word' id='word_1_107' title='bbox 950 3678 1007 3735; x_wconf 89' lang='lat' dir='ltr'><strong>p.</strong></span> <span class='ocrx_word' id='word_1_108' title='bbox 1042 3662 1185 3735; x_wconf 82' lang='lat'><strong>179).</strong></span> <span class='ocrx_word' id='word_1_109' title='bbox 1226 3662 1309 3719; x_wconf 88' lang='lat' dir='ltr'><strong>Le</strong></span> <span class='ocrx_word' id='word_1_110' title='bbox 1335 3662 1549 3721; x_wconf 83' lang='lat' dir='ltr'><strong>nouvel</strong></span> <span class='ocrx_word' id='word_1_111' title='bbox 1572 3661 1669 3719; x_wconf 75' lang='lat' dir='ltr'><strong>elu</strong></span> <span class='ocrx_word' id='word_1_112' title='bbox 1695 3681 1733 3737; x_wconf 79' lang='lat' dir='ltr'>y</span> <span class='ocrx_word' id='word_1_113' title='bbox 1761 3670 1851 3721; x_wconf 79' lang='lat' dir='ltr'><strong>est</strong></span> <span class='ocrx_word' id='word_1_114' title='bbox 1877 3662 2078 3736; x_wconf 82' lang='lat' dir='ltr'><strong>appele</strong></span> <span class='ocrx_word' id='word_1_115' title='bbox 2115 3665 2391 3720; x_wconf 64' lang='lat' dir='ltr'><strong>Nanassos</strong></span> <span class='ocrx_word' id='word_1_116' title='bbox 2425 3666 2773 3735; x_wconf 71' lang='lat' dir='ltr'><strong>praepositus</strong></span> <span class='ocrx_word' id='word_1_117' title='bbox 2813 3667 3061 3721; x_wconf 71' lang='lat' dir='ltr'><strong>ecclesiae</strong></span> 
     </span>
     <span class='ocr_line' id='line_1_29' title="bbox 948 3758 1187 3807; baseline -0.008 0"><span class='ocrx_word' id='word_1_118' title='bbox 948 3758 1187 3807; x_wconf 74' lang='lat' dir='ltr'><strong>nostrae.</strong></span> 
     </span>
    </p>

    <p class='ocr_par' dir='ltr' id='par_1_9' title="bbox 946 3838 3062 4091">
     <span class='ocr_line' id='line_1_30' title="bbox 1018 3838 3062 3915; baseline 0.002 -20"><span class='ocrx_word' id='word_1_119' title='bbox 1018 3840 1072 3895; x_wconf 76' lang='lat'><strong>2.</strong></span> <span class='ocrx_word' id='word_1_120' title='bbox 1109 3838 1423 3899; x_wconf 71' lang='lat' dir='ltr'><strong>L&#39;election</strong></span> <span class='ocrx_word' id='word_1_121' title='bbox 1450 3841 1520 3899; x_wconf 85' lang='lat' dir='ltr'><strong>de</strong></span> <span class='ocrx_word' id='word_1_122' title='bbox 1546 3840 1844 3898; x_wconf 72' lang='lat' dir='ltr'><strong>Manasses</strong></span> <span class='ocrx_word' id='word_1_123' title='bbox 1872 3840 1933 3897; x_wconf 93' lang='lat'><strong>11</strong></span> <span class='ocrx_word' id='word_1_124' title='bbox 1963 3840 2138 3898; x_wconf 82' lang='lat' dir='ltr'><strong>suivit</strong></span> <span class='ocrx_word' id='word_1_125' title='bbox 2165 3840 2237 3898; x_wconf 89' lang='lat' dir='ltr'><strong>de</strong></span> <span class='ocrx_word' id='word_1_126' title='bbox 2264 3840 2380 3897; x_wconf 74' lang='lat' dir='ltr'><strong>tres</strong></span> <span class='ocrx_word' id='word_1_127' title='bbox 2409 3840 2540 3915; x_wconf 74' lang='lat' dir='ltr'><strong>pres</strong></span> <span class='ocrx_word' id='word_1_128' title='bbox 2575 3838 2632 3897; x_wconf 75' lang='lat' dir='ltr'><strong>la</strong></span> <span class='ocrx_word' id='word_1_129' title='bbox 2664 3847 2817 3899; x_wconf 84' lang='lat' dir='ltr'><strong>mort</strong></span> <span class='ocrx_word' id='word_1_130' title='bbox 2851 3838 2924 3898; x_wconf 85' lang='lat' dir='ltr'><strong>de</strong></span> <span class='ocrx_word' id='word_1_131' title='bbox 2960 3857 3062 3899; x_wconf 83' lang='lat' dir='ltr'><strong>son</strong></span> 
     </span>
     <span class='ocr_line' id='line_1_31' title="bbox 946 3926 3062 4003; baseline 0.001 -19"><span class='ocrx_word' id='word_1_132' title='bbox 946 3926 1368 4001; x_wconf 73' lang='lat' dir='ltr'><strong>predecesseur,</strong></span> <span class='ocrx_word' id='word_1_133' title='bbox 1400 3928 1660 4003; x_wconf 85' lang='lat' dir='ltr'><strong>puisque‚</strong></span> <span class='ocrx_word' id='word_1_134' title='bbox 1693 3930 1860 4002; x_wconf 77' lang='lat' dir='ltr'><strong>apres</strong></span> <span class='ocrx_word' id='word_1_135' title='bbox 1887 3928 2095 4003; x_wconf 85' lang='lat' dir='ltr'><strong>qu’elle</strong></span> <span class='ocrx_word' id='word_1_136' title='bbox 2126 3936 2227 3986; x_wconf 83' lang='lat' dir='ltr'><strong>eut</strong></span> <span class='ocrx_word' id='word_1_137' title='bbox 2253 3928 2344 3984; x_wconf 67' lang='lat' dir='ltr'><strong>ete</strong></span> <span class='ocrx_word' id='word_1_138' title='bbox 2365 3928 2676 3985; x_wconf 73' lang='lat' dir='ltr'><strong>confirmes</strong></span> <span class='ocrx_word' id='word_1_139' title='bbox 2699 3946 2802 4002; x_wconf 86' lang='lat' dir='ltr'><strong>par</strong></span> <span class='ocrx_word' id='word_1_140' title='bbox 2823 3929 2878 3986; x_wconf 88' lang='lat' dir='ltr'><strong>le</strong></span> <span class='ocrx_word' id='word_1_141' title='bbox 2897 3946 3062 4003; x_wconf 83' lang='lat' dir='ltr'><strong>pape,</strong></span> 
     </span>
     <span class='ocr_line' id='line_1_32' title="bbox 950 4012 3061 4091; baseline 0 -18"><span class='ocrx_word' id='word_1_142' title='bbox 950 4031 1016 4073; x_wconf 86' lang='lat' dir='ltr'><strong>ce</strong></span> <span class='ocrx_word' id='word_1_143' title='bbox 1045 4012 1227 4089; x_wconf 72' lang='lat' dir='ltr'><strong>prelat</strong></span> <span class='ocrx_word' id='word_1_144' title='bbox 1254 4014 1341 4073; x_wconf 79' lang='lat' dir='ltr'><strong>fut</strong></span> <span class='ocrx_word' id='word_1_145' title='bbox 1358 4016 1614 4075; x_wconf 70' lang='lat' dir='ltr'><strong>ordonna</strong></span> <span class='ocrx_word' id='word_1_146' title='bbox 1634 4016 1824 4075; x_wconf 86' lang='lat' dir='ltr'><strong>diacre</strong></span> <span class='ocrx_word' id='word_1_147' title='bbox 1843 4014 1900 4074; x_wconf 84' lang='lat' dir='ltr'><strong>la</strong></span> <span class='ocrx_word' id='word_1_148' title='bbox 1923 4016 2200 4091; x_wconf 77' lang='lat' dir='ltr'><strong>premiere</strong></span> <span class='ocrx_word' id='word_1_149' title='bbox 2229 4016 2486 4074; x_wconf 83' lang='lat' dir='ltr'><strong>semaine</strong></span> <span class='ocrx_word' id='word_1_150' title='bbox 2507 4016 2584 4075; x_wconf 88' lang='lat' dir='ltr'><strong>du</strong></span> <span class='ocrx_word' id='word_1_151' title='bbox 2603 4018 2846 4089; x_wconf 71' lang='lat' dir='ltr'><strong>cai-eme,</strong></span> <span class='ocrx_word' id='word_1_152' title='bbox 2879 4022 3061 4091; x_wconf 74' lang='lat' dir='ltr'><strong>pren-e</strong></span> 
     </span>
    </p>
   </div>
   <div class='ocr_carea' id='block_1_7' title="bbox 948 4103 3056 4266">
    <p class='ocr_par' dir='ltr' id='par_1_10' title="bbox 948 4103 3056 4266">
     <span class='ocr_line' id='line_1_33' title="bbox 948 4103 3056 4181; baseline 0 -20"><span class='ocrx_word' id='word_1_153' title='bbox 948 4104 980 4161; x_wconf 66' lang='lat' dir='ltr'><strong>a</strong></span> <span class='ocrx_word' id='word_1_154' title='bbox 1000 4103 1056 4160; x_wconf 88' lang='lat' dir='ltr'><strong>la</strong></span> <span class='ocrx_word' id='word_1_155' title='bbox 1071 4104 1425 4179; x_wconf 78' lang='lat' dir='ltr'><strong>mi—careme‚</strong></span> <span class='ocrx_word' id='word_1_156' title='bbox 1449 4114 1509 4163; x_wconf 81' lang='lat' dir='ltr'><strong>et</strong></span> <span class='ocrx_word' id='word_1_157' title='bbox 1526 4106 1682 4165; x_wconf 87' lang='lat' dir='ltr'><strong>enfin</strong></span> <span class='ocrx_word' id='word_1_158' title='bbox 1702 4106 1976 4165; x_wconf 73' lang='lat' dir='ltr'><strong>consacre</strong></span> <span class='ocrx_word' id='word_1_159' title='bbox 1992 4106 2208 4181; x_wconf 61' lang='lat' dir='ltr'><strong>evaque</strong></span> <span class='ocrx_word' id='word_1_160' title='bbox 2231 4104 2284 4165; x_wconf 82' lang='lat' dir='ltr'><strong>le</strong></span> <span class='ocrx_word' id='word_1_161' title='bbox 2303 4104 2612 4164; x_wconf 83' lang='lat' dir='ltr'><strong>dimanche</strong></span> <span class='ocrx_word' id='word_1_162' title='bbox 2629 4105 2700 4163; x_wconf 86' lang='lat' dir='ltr'><strong>de</strong></span> <span class='ocrx_word' id='word_1_163' title='bbox 2719 4106 2780 4163; x_wconf 85' lang='lat' dir='ltr'><strong>la</strong></span> <span class='ocrx_word' id='word_1_164' title='bbox 2796 4106 3056 4177; x_wconf 68' lang='lat' dir='ltr'><strong>Pession,</strong></span> 
     </span>
     <span class='ocr_line' id='line_1_34' title="bbox 952 4194 1601 4266; baseline 0 -15"><span class='ocrx_word' id='word_1_165' title='bbox 952 4194 1020 4251; x_wconf 88' lang='grc'><strong>30</strong></span> <span class='ocrx_word' id='word_1_166' title='bbox 1048 4210 1203 4251; x_wconf 85' lang='lat' dir='ltr'><strong>mars</strong></span> <span class='ocrx_word' id='word_1_167' title='bbox 1233 4194 1369 4253; x_wconf 81' lang='lat'><strong>1096</strong></span> <span class='ocrx_word' id='word_1_168' title='bbox 1400 4198 1601 4266; x_wconf 54' lang='lat' dir='ltr'><strong>(Iba).</strong></span> 
     </span>
    </p>
   </div>
   <div class='ocr_carea' id='block_1_8' title="bbox 3389 2433 3397 3026">
    <p class='ocr_par' dir='ltr' id='par_1_11' title="bbox 3389 2433 3397 3026">
     <span class='ocr_line' id='line_1_35' title="bbox 3389 2433 3397 3026; baseline 0 0"><span class='ocrx_word' id='word_1_169' title='bbox 3389 2433 3397 3026; x_wconf 95' lang='lat' dir='ltr'><strong> </strong></span> 
     </span>
    </p>
   </div>
   <div class='ocr_carea' id='block_1_9' title="bbox 3385 2433 3400 3376">
    <p class='ocr_par' dir='ltr' id='par_1_12' title="bbox 3385 2433 3400 3376">
     <span class='ocr_line' id='line_1_36' title="bbox 3385 2433 3400 3376; baseline 0 0"><span class='ocrx_word' id='word_1_170' title='bbox 3385 2433 3400 3376; x_wconf 95' lang='lat' dir='ltr'><strong> </strong></span> 
     </span>
    </p>
   </div>
  </div>
 </body>
</html>
