3478 5438
938 476 999 528 94

939 838 1082 908 533

934 1296 1077 1371 534

929 1759 1071 1828 535

925 2221 1069 2293 536

924 2684 1065 2755 537

914 3144 1055 3215 538

912 3607 1053 3678 539

904 4065 1047 4141 540

1893 479 2103 534 ema

1371 607 1445 681 in
1482 607 1829 699 turribUS,
1868 609 1944 685 in
1979 611 2255 712 angulis

1374 723 1756 822 multisque
1793 724 2233 805 diversoriis.

1472 839 1562 912 Se
1598 838 2041 916 abscondunt.
2075 850 2149 917 et
2183 843 2499 944 virgines

1372 975 1554 1049 quae
1586 963 1932 1030 verentur
1965 963 2074 1032 tot
2107 958 2366 1036 milites

1371 1067 1794 1145 Alemannos
1829 1080 1902 1146 et
1936 1073 2340 1166 Sclavones‚

1366 1183 1834 1286 Letharingos
1869 1197 1943 1262 et
1979 1191 2320 1266 Saxones.

1467 1300 1792 1400 Suscepit
1825 1327 2072 1404 regem
2105 1315 2358 1404 postea

1368 1410 1789 1490 clericorum
1822 1441 1992 1515 pars
2022 1419 2246 1495 ultera

1365 1551 1549 1625 quae
1584 1553 1949 1629 nunquam
1983 1557 2076 1608 ex
2109 1534 2455 1612 industria

1364 1641 1495 1716 fuit
1527 1643 1623 1717 illi
1661 1647 2042 1723 contraria.

1461 1763 1632 1834 Erat
1666 1784 1832 1835 cum
1865 1763 2026 1861 ipso
2062 1789 2302 1842 cesare

1362 1874 1744 1950 Galchcrus
1778 1878 2190 1973 honorifice,

1362 1989 1621 2066 sodalis
1658 2017 1828 2067 suae
1863 1995 2159 2095 gratim,

1362 2131 1655 2182 consors
1692 2133 1860 2184 suae
1895 2110 2226 2188 familiae.

1459 2223 1650 2297 Fecit
1683 2248 1859 2325 ergo
1894 2251 2026 2302 rex
2061 2227 2372 2306 edictum

1363 2361 1494 2435 per
1529 2339 1848 2416 Galcheri
1884 2344 2254 2420 consilium

1356 2459 1439 2526 ut
1470 2453 1708 2528 veniat
1744 2479 1926 2556 grex
1959 2458 2052 2533 ad
2089 2484 2256 2536 eum

1356 2577 1757 2644 casatorum
1792 2581 1865 2647 et
1899 2572 2186 2652 civium.

1455 2688 1812 2762 Venerunt
1852 2688 2142 2787 quidem
2175 2701 2339 2769 ante
2374 2719 2453 2771 se

1356 2824 1497 2874 non
1535 2802 1874 2878 audentes
1911 2806 2294 2900 dimittere,

1350 2917 1674 3012 quamvis
1709 2928 1962 3018 putent
1997 2926 2388 3003 certissime

1350 3030 1570 3106 vitam
1605 3034 1719 3107 vel
1758 3036 2080 3113 membra
2113 3042 2444 3140 perdere.

1449 3148 1715 3237 Quibus
1751 3159 1912 3226 ante
1950 3158 2398 3252 presentibus

1348 3287 1481 3338 rex
1516 3266 1725 3342 nimis
1763 3267 1943 3344 dure
1979 3271 2293 3370 loquitur
2335 3302 2352 3349 ε

1348 3380 1653 3478 appellat
1688 3382 1846 3458 illos
1880 3388 2168 3485 gravius

1349 3494 1442 3570 de
1477 3500 1752 3599 magnis
1787 3501 2240 3595 facinoribus,

1443 3611 1685 3688 dicens
1730 3642 1747 3689 :
1803 3615 1930 3691 Vos
1965 3622 2100 3694 mei
2134 3620 2464 3715 homines,

1342 3729 1615 3824 perjuri
1650 3732 2116 3825 incredibiles,
2197 3780 2200 3783 ·

1339 3864 1465 3915 cur
1499 3847 1709 3941 cyitis
1744 3872 1859 3922 res
1897 3860 2039 3925 tam
2074 3862 2336 3953 turpes,

1337 3957 1718 4052 inauditas,
1763 3962 2182 4043 horribiles?

1443 4074 1577 4162 Qui
1612 4084 1908 4155 omnium
1944 4083 2317 4160 dissimiles

1340 4190 1691 4268 instruitis
1726 4222 1938 4273 novas
1978 4200 2162 4298 leqes
