3478 5438
910 451 973 504 70
1861 439 2066 491 GESTA

1348 603 1515 655 cum
1546 576 1884 654 meritum
1919 573 2340 650 sanctissimi
2415 637 2418 640 .

1352 692 1720 795 Gaugerici
1755 689 2185 766 confessoris

1351 811 1509 886 illos
1544 809 1635 884 ab
1670 807 1852 883 urbe
1887 805 2202 906 reppulit
2245 832 2260 878 :

911 929 1057 1005 403
1448 923 1569 1024 qui
1600 921 1776 1010 ,fecit
1809 921 1948 996 hoc
1981 919 2400 994 miraculum

1352 1038 1547 1138 quod
1584 1038 1814 1112 nullus
1851 1037 2067 1111 instat
2102 1035 2390 1125 civium,

1348 1153 1476 1229 sed
1511 1151 1906 1228 eorundem
1940 1151 2252 1226 hostium

1348 1271 1527 1345 alter
1563 1268 1838 1368 refugat
1873 1267 2212 1342 alterum¹
2225 1322 2244 1340 .

912 1389 1057 1464 404
1448 1385 1744 1476 Quando
1775 1383 1970 1458 cives
2005 1382 2137 1455 hec
2168 1380 2333 1456 talia

1352 1501 1546 1576 evasi
1584 1506 1750 1574 sunt
1783 1497 2124 1597 pericula,

1354 1624 1607 1694 sancto.
1636 1613 2040 1714 rependunt
2075 1611 2340 1712 gratias

1354 1731 1477 1831 qui
1512 1731 1613 1806 sic
1648 1754 1775 1804 eos
1811 1729 2235 1805 salvaverat.

1191 1970 1315 2036 De
1352 1967 1651 2035 trevsss
1688 1981 1746 2032 a.
1793 1963 2094 2033 comte
2135 1963 2461 2031 civibus
2505 1961 2750 2030 datis.

917 2180 1061 2255 405
1453 2177 1659 2253 Cives
1693 2173 1984 2250 tandem
2020 2173 2342 2272 exterriti

1354 2293 1488 2368 hac
1518 2292 1801 2366 fortuna
1837 2288 2160 2366 horribili

1352 2417 1427 2482 et
1462 2416 1723 2484 eventu
1760 2406 2053 2507 periculi

1355 2525 1645 2600 mittunt
1678 2525 1952 2624 legatos
1987 2521 2228 2598 comiti

916 2645 1061 2721 406
1453 2640 1577 2741 qui
1609 2648 1915 2739 querant
1946 2649 2024 2714 et
2055 2638 2510 2714 concordiam

1356 2766 1431 2833 et
1464 2757 1727 2832 trevias
1766 2767 1839 2832 et
1875 2757 2180 2857 gratiam

1356 2881 1431 2951 et
1464 2900 1601 2974 per
1631 2872 1852 2948 fidem
1885 2870 2210 2947 fidutiam

1356 2990 1543 3065 inter
1578 3014 1703 3064 eos
1738 2998 1814 3064 et
1847 2989 2210 3063 comitem.

799 3194 811 3209 ,
916 3108 1060 3183 407
1452 3110 1649 3180 Hanc
1679 3106 1870 3181 enim
1905 3106 2158 3181 urbem
2195 3104 2482 3181 tradere

1352 3222 1694 3297 mandant
1728 3222 1882 3323 ejus
1917 3222 2274 3321 potentiae

1354 3346 1428 3413 et
1464 3364 1589 3413 eos
1623 3337 2034 3413 fidelissime

1318 3454 1548 3575 ¹viros
1582 3454 1810 3554 suo[s]
1853 3454 2184 3543 existere,

985 3666 1037 3723 1.
1077 3666 1129 3723 Il
1163 3674 1253 3724 est
1292 3666 1505 3741 permis
1546 3666 1620 3725 de
1660 3667 1845 3725 croire
1884 3681 2003 3741 que
2037 3671 2187 3723 cette
2227 3665 2461 3723 retraite
2503 3664 2592 3721 fut
2632 3664 3036 3739 parfaitement

914 3753 1229 3812 volontaire
1259 3755 1331 3813 de
1358 3754 1414 3812 la
1442 3762 1571 3829 part
1596 3755 1677 3812 du
1704 3762 1894 3813 comte
1922 3754 1995 3811 de
2021 3752 2289 3811 Flandre.
2331 3753 2382 3810 Il
2409 3770 2445 3811 a
2471 3770 2548 3827 pu
2575 3752 2792 3809 n’avoir
2817 3751 3037 3831 d’autre

914 3844 1019 3900 hut
1046 3842 1189 3900 dans
1219 3860 1283 3900 sa
1312 3842 1767 3901 demonstration
1791 3851 1990 3901 contre
2011 3842 2274 3900 Cambrai
2303 3858 2417 3916 que
2445 3841 2746 3916 d'effrayer
2768 3840 2852 3899 les
2883 3840 3036 3897 habi·

911 3938 1066 3989 tants
1094 3941 1152 3989 et
1180 3932 1250 3989 de
1278 3932 1495 3990 relever
1520 3932 1575 3991 le
1613 3932 1798 3991 moral
1827 3933 1898 3990 de
1935 3949 2025 3990 ses
2054 3932 2321 3990 hommes
2349 3930 2626 4001 d'armeS,
2665 3929 2907 4003 n'ayant
2933 3945 3035 4003 pas

913 4019 1203 4078 d'ailleurs
1230 4020 1332 4077 des
1362 4021 1542 4079 forces
1570 4021 1902 4079 suffisantes
1926 4037 2072 4094 pour
2099 4021 2330 4077 enlever
2359 4026 2418 4077 et
2433 4018 2637 4093 garder
2655 4017 2710 4075 la
2734 4018 2890 4076 ville.
2923 4018 3035 4075 Les

915 4109 1178 4255 ειτοιὲὶιοε
1204 4110 1501 4169 suivantes
1526 4117 1823 4169 montrent
1848 4110 1988 4184 qu'il
2027 4110 2216 4169 obtint
2252 4126 2326 4167 au
2363 4108 2557 4167 moins
2594 4107 2650 4167 le
2684 4108 2938 4181 premier
2964 4107 3036 4165 de

916 4214 1011 4256 ces
1080 4215 1191 4257 eux
1220 4198 1401 4257 effets.
