3478 5438
459 737 555 811 45

454 1199 549 1273 46

450 1661 544 1734 47

453 2122 546 2195 48

446 2583 540 2656 49

446 3051 538 3119 50

443 3512 520 3583 51

1237 491 1622 544 nummum.
1659 493 1698 542 1.

849 633 1096 700 cuncta
1133 625 1536 724 relinquunt
1567 627 1885 726 propria.

947 747 1124 818 Nam
1159 740 1454 818 audiunt
1489 741 1747 820 cotidie

846 855 1354 955 evangelistam
1389 856 1626 932 dicere

846 969 1040 1069 quod
1075 970 1388 1070 gladium
1422 996 1550 1046 rex
1588 972 1857 1071 gloriae

847 1095 988 1160 non
1027 1111 1274 1185 pacem
1312 1088 1503 1160 venit
1539 1089 1861 1162 mittere¹

941 1205 1243 1278 Acutum
1279 1201 1490 1276 infert
1526 1202 1839 1302 gladium

844 1315 964 1414 qui
1001 1317 1200 1390 videt
1233 1316 1369 1392 hoc
1404 1316 1781 1392 discidium

844 1438 921 1507 ut
958 1430 1225 1530 linquat
1263 1441 1467 1532 pater
1499 1432 1725 1538 filium

842 1555 918 1622 et
949 1547 1136 1622 filius
1171 1555 1448 1648 patrem
1487 1549 1761 1638 suum2,

940 1664 1064 1761 qui
1100 1671 1307 1765 rogat
1340 1663 1532 1738 idem
1568 1663 1799 1738 facere

841 1777 934 1852 de
969 1787 1193 1854 matre
1231 1787 1304 1854 et
1341 1779 1433 1852 de
1469 1777 1795 1880 conjuge,

842 1890 932 1966 de
969 1892 1300 1967 domibus
1336 1902 1408 1967 et
1446 1917 1767 1982 munere,

840 2004 928 2080 de
965 2007 1156 2106 agris
1191 2014 1263 2081 et
1298 2007 1388 2082 de
1424 2008 1722 2105 pecore³
1762 2033 1777 2080 ε

937 2131 1010 2196 et
1045 2123 1168 2222 qui
1203 2125 1510 2197 affirmat
1545 2123 1827 2220 penitus

838 2239 1032 2336 quod
1067 2237 1190 2337 qui
1227 2238 1799 2336 possessionibus

839 2378 976 2427 non
1015 2355 1370 2430 renuntiat
1403 2355 1735 2430 omnibus

837 2493 976 2543 non
1013 2479 1124 2544 est
1159 2495 1330 2544 suus
1365 2469 1792 2568 discipulus*¹
1837 2496 1855 2542 t

933 2585 1060 2659 sed
1095 2586 1228 2660 hec
1263 2587 1692 2684 quicumque
1727 2584 1932 2670 faciet

835 2709 906 2775 et
939 2701 1050 2776 his
1076 2701 1294 2801 jussis
1327 2700 1612 2777 obediet

834 2815 946 2891 hic
982 2803 1393 2916 centuplum
1427 2818 1720 2917 recipiet

834 2941 908 3007 et
941 2932 1032 3008 ad
1069 2934 1289 3007 vitam
1324 2934 1763 3033 perveniet-¹³.

931 3051 1018 3123 Hi
1053 3048 1196 3123 duo
1233 3050 1332 3124 sic
1369 3050 1734 3125 ammoniti

831 3187 963 3262 per
997 3164 1217 3237 verba
1254 3164 1600 3265 evangelii

825 3288 1076 3355 cuncta
1112 3280 1554 3378 relinquunt⁶
1591 3281 1806 3355 seculi

830 3404 1128 3493 propter
1161 3419 1480 3469 amorem
1519 3394 1822 3469 Domini.

928 3514 1242 3601 Quorum
1279 3536 1418 3585 una
1456 3510 1841 3585 volentium

463 3787 511 3842 1.
553 3787 750 3844 nauh.
785 3783 866 3858 X,
900 3784 985 3842 34.

458 3874 511 3931 2.
553 3872 753 3947 Comp.
785 3875 980 3931 Manli.
1013 3874 1096 3945 X,
1127 3874 1214 3932 35.

435 3964 512 4020 ·3.
555 3964 756 4037 Comp.
788 3964 986 4021 Manu.
1019 3962 1193 4035 XIX,
1225 3964 1315 4020 29.

459 4054 513 4108 4.
555 4052 758 4124 Gomp.
789 4054 916 4108 Luc.
944 4051 1120 4125 XIV,
1154 4052 1242 4109 33.

463 4142 514 4197 5.
553 4140 753 4214 Comp.
785 4142 980 4197 Matth.
1015 4139 1192 4213 XIX,
1224 4142 1310 4199 29.

459 4230 514 4286 6.
557 4228 638 4285 Le
667 4245 776 4285 ms.
809 4235 970 4301 porte
996 4232 1309 4299 reliquunt.

2437 499 2523 552 129
