3478 5438
975 449 1063 502 184

1021 701 1117 770 76

1019 1163 1113 1234 77

1041 1757 1164 1824 De
1205 1753 1712 1840 protectione
1748 1753 2137 1821 Richolal
2179 1755 2543 1836 episcopt
2589 1756 2698 1824 ad
2742 1755 3015 1823 archi-

1022 2084 1116 2156 78

1024 2546 1118 2617 79

881 2956 1118 3079 '80

1025 3471 1102 3541 8⁴

1023 3931 1119 4005 82

1924 445 2129 498 Gir-sn

1409 579 1604 679 pacis
1639 586 1713 651 et
1748 575 2120 652 amicitiae.

1508 697 1686 768 Ecce
1721 692 1797 766 in
1832 681 2239 791 regionibus

1409 807 1839 908 longissimis
1875 806 2311 884 extenditur·

1409 924 1648 1022 opinio
1682 923 1845 999 facti
1882 923 2089 1022 hujus

1367 1101 1373 1108 .
1407 1049 1482 1116 et
1515 1038 1802 1114 virtutis
1838 1038 2196 1114 introitus.

1506 1158 1566 1230 A
1601 1153 2003 1254 longinquis
2039 1162 2113 1228 et
2146 1155 2495 1254 proximis

1409 1268 1795 1346 scientibus
1829 1294 1985 1344 rem
2018 1271 2261 1368 operis

1407 1387 1540 1461 hac
1575 1385 1666 1460 de
1701 1410 1915 1460 causa
1948 1385 2033 1459 fit
2066 1385 2367 1461 celebris

1407 1500 1716 1579 laudatio
1754 1500 2133 1600 pontificis.

1782 1860 2276 1943 episcopum.

1509 2087 1698 2156 Inter
1733 2105 1858 2154 eos
1894 2080 1999 2154 sic
2032 2080 2314 2156 firmato

1413 2193 1678 2269 amoris
1713 2193 2114 2294 privilegio,

1412 2309 1612 2384 vadit
1644 2310 1979 2386 Remensi
2014 2309 2175 2383 ilico

1414 2425 1653 2524 presul
1687 2423 2249 2523 archiepiscopo.

1511 2539 1641 2630 Qui
1680 2539 1773 2615 ab
1808 2539 2335 2639 archipontifice

1413 2664 1744 2755 receptus
1779 2654 2193 2743 honorifice,

1413 2796 1540 2847 sua
1575 2771 1648 2847 in
1687 2771 2032 2846 electione

1413 2887 1875 2962 confirmatur
1911 2887 2243 2961 canonice

1509 3029 1645 3103 per
1679 3004 2025 3079 domnum
2060 3002 2531 3102 apostolicum

1413 3128 1488 3195 et
1519 3144 1653 3219 per
1685 3118 2295 3218 archiepiscopum

1411 3243 1486 3309 et
1519 3259 1652 3333 per
1686 3258 2057 3309 assensum
2092 3234 2459 3335 presulum

1411 3348 1508 3424 ibi
1545 3356 1704 3425 ante
1742 3348 2209 3448 presentium.

1508 3469 1738 3556 Quem
1775 3466 2273 3541 confirmatum
2310 3466 2541 3541 taliter

1412 3580 1752 3657 conduxit
1786 3580 2297 3681 archipontifex

1411 3699 1502 3776 ad
1538 3697 1758 3773 altare
1792 3697 2116 3786 feliciter,

1408 3819 1628 3889 Deum
1657 3814 1957 3891 laudans
1994 3813 2501 3912 sollempniter.

1507 3933 1676 4003 Post
1711 3928 1914 4003 datas
1944 3934 2091 4003 Deo
2128 3929 2390 4029 gratias

1408 4044 1621 4119 datur
1657 4045 1791 4119 sibi
1822 4045 1997 4119 haec
2030 4052 2376 4143 potestas,

1412 4158 1622 4235 datur
1657 4168 1730 4234 et
1764 4160 1937 4235 haec
1970 4159 2247 4237 licentia
