3478 5438
1215 509 1601 564 nummum.
1634 512 1696 561 11.
2410 513 2491 566 153

679 648 794 725 cui
829 647 1130 722 innotuit
1167 656 1504 745 quantam
1541 646 1869 747 injuriam

677 773 752 839 et
785 770 1122 862 quantam
1157 786 1294 862 pro
1331 787 1416 836 eo
1453 761 1705 836 suffert
1739 759 2123 835 miseriam.

436 884 530 954 70
776 877 1038 952 Retulit
1072 875 1362 950 domino
1399 876 1566 975 quia
1603 874 2049 951 solummodo

677 1017 818 1091 pro
853 993 1006 1092 ejus
1036 990 1204 1066 odio
1239 991 1330 1066 ab
1368 991 1755 1088 apostolico

677 1117 750 1184 et
783 1135 826 1182 a
859 1091 1313 1184 Remensium
1348 1105 1878 1204 archiepiscopo

676 1223 1188 1300 benedictionis
1225 1225 1304 1297 fit
1341 1221 1831 1297 contradictio.

433 1345 513 1415 ’71
774 1347 861 1416 Et
896 1339 1059 1438 quia
1094 1339 1388 1413 clericus
1425 1327 1606 1413 illius
1643 1337 1873 1413 fuerat

413 1471 422 1479 ·
679 1455 955 1532 veniam
991 1453 1252 1529 habere
1291 1478 1739 1552 nequaquam
1777 1461 2083 1553 poterat,

675 1581 748 1646 et
782 1573 916 1646 hoc
953 1581 1062 1646 est
1098 1570 1292 1669 quod
1329 1595 1490 1646 eum
1529 1571 1756 1670 magis
1788 1569 2125 1668 impediat

675 1696 746 1762 et
781 1685 972 1764 unde
1012 1688 1280 1788 legatus
1319 1690 1512 1764 Gono
1548 1687 1710 1786 plus
1748 1695 2026 1787 arguam

399 1806 526 1883 ’72
773 1808 848 1876 In
887 1803 1040 1902 ejus
1077 1827 1384 1901 persona
1418 1802 1799 1900 quisquam
1835 1827 1977 1876 non
2014 1803 2362 1877 contrahit

675 1943 806 1994 nec
841 1919 1027 1993 vitae
1064 1943 1194 1993 nec
1233 1917 1380 1993 suis
1416 1918 1736 1993 moribus
1772 1919 1986 1992 obicit

675 2034 846 2133 quin
883 2033 1247 2133 episcopio
1285 2041 1358 2107 et
1392 2031 1598 2107 laude
1633 2032 1893 2133 dignus
1930 2034 2022 2108 sit
2066 2062 2080 2107 :

673 2157 948 2224 tantum
985 2147 1240 2223 divisio
1277 2147 1514 2223 audita
1551 2149 1795 2222 officit.

430 2270 476 2341 7
481 2270 524 2340 3
772 2265 1128 2342 Affirmat¹
1171 2264 1387 2364 igitur
1421 2265 1556 2338 hoc
1592 2272 1757 2340 ante
1792 2288 2109 2340 cesarem

675 2381 869 2481 quod
907 2405 1294 2480 numquam
1335 2380 1597 2456 redibit
1633 2381 1722 2456 ad
1761 2381 1971 2458 istam
2006 2383 2277 2458 rabiem

673 2497 794 2573 ubi
813 2502 1052 2573 ‘Roma
1089 2497 1333 2575 furens
1364 2522 1498 2595 per
1531 2506 1757 2573 totam
1794 2499 2085 2573 Galliam

673 2614 874 2712 ponit
909 2620 983 2686 et
1011 2611 1306 2712 deponit
1339 2638 1476 2728 pro
1511 2613 1690 2687 velle
1725 2613 2111 2712 presulem.

429 2727 525 2804 74
770 2735 847 2804 ln
887 2730 1020 2803 ista
1055 2729 1331 2805 dubitat
1366 2730 1630 2805 morari
1667 2730 1897 2829 patria

675 2845 793 2919 ubi
831 2845 1148 2920 fidelium
1185 2846 1434 2921 suffert
1468 2846 1803 2921 aecclesia

672 2968 782 3033 tot
813 2960 1022 3049 bella,
1063 2969 1169 3036 tot
1206 2961 1367 3035 lites
1404 2970 1475 3035 et
1513 2968 1621 3036 tot
1657 2961 2043 3037 certamina

671 3084 824 3151 tum
859 3101 998 3174 pro
1035 3076 1416 3166 contrarie,
1459 3084 1613 3153 tum
1648 3103 1785 3177 pro
1821 3077 2142 3176 pecunia.

429 3196 523 3267 75
769 3196 1102 3267 Precatur
1137 3216 1451 3267 cesarem
1489 3193 1658 3269 illud
1697 3194 2144 3269 solummodo

377 3450 531 3519 apud
557 3451 846 3519 Liquriam
879 3450 1097 3519 deqebai
1121 3454 1313 3519 qratia
1339 3454 1813 3522 disponendarum
1852 3468 2046 3509 rerum
2082 3457 2267 3520 illius,
2318 3458 2491 3510 laetus

377 3541 592 3608 effectus
632 3541 768 3609 quia
810 3554 922 3594 non
970 3542 1098 3595 bena
1145 3556 1271 3595 cum
1313 3556 1462 3611 papa
1511 3544 1885 3607 conveniebat,
1946 3546 2113 3599 menia
2169 3545 2493 3613 imperialia

383 3628 542 3685 Urbis
569 3629 844 3698 praefecto
885 3634 936 3684 et
974 3631 1236 3686 Romanis
1279 3634 1614 3695 transmisit,
1647 3633 1947 3687 adventum
1973 3649 2141 3688 suum
2177 3636 2295 3688 illis
2325 3648 2494 3703 prae-

379 3720 656 3773 nuntians
675 3720 992 3791 affuturum
1017 3718 1239 3789 (Chron.
1261 3719 1496 3785 Cassia„
1519 3718 1628 3793 1v,
1649 3718 1736 3791 60,
1760 3722 1907 3776 Mon.
1932 3722 2136 3787 Germ„
2165 3720 2265 3778 SS.
2288 3726 2330 3777 t.
2354 3720 2513 3794 vn„

379 3822 434 3879 p.
469 3804 573 3862 790
599 3806 790 3877 πω).
823 3804 902 3861 Οι·
929 3804 983 3863 le
1009 3805 1191 3879 prefet
1219 3806 1292 3864 de
1309 3806 1518 3880 Rome,
1546 3808 1761 3882 pierre,
1792 3808 1932 3866 dont
1958 3808 2015 3865 la
2042 3816 2195 3866 mort
2220 3815 2309 3867 est
2334 3825 2492 3867 men-

379 3896 612 3975 tionnee
635 3910 710 3951 au
737 3902 1234 3953 commencement
1260 3896 1332 3953 de
1359 3914 1424 3955 ce
1451 3914 1708 3971 passage,
1738 3905 1974 3955 mourut
1990 3898 2025 3955 ὲ
2045 3899 2101 3957 la
2128 3898 2210 3955 fin
2238 3899 2309 3957 dc
2335 3915 2492 3957 mars

381 3999 454 4041 ou
468 3982 610 4041 dans
623 3982 710 4041 les
728 3984 1008 4057 premiere
1020 3986 1180 4058 jours
1193 3985 1392 4043 d’avril
1417 3988 1440 4042 1
1453 3986 1554 4044 116
1573 3986 1763 4059 (Falco
1776 3988 2171 4047 Beneventan.
2190 4004 2281 4061 ap.
2305 3988 2492 4044 Mura-

381 4074 509 4146 tori,
541 4076 661 4131 Ber.
695 4075 822 4131 Ital.
857 4074 1079 4145 Script„
1116 4084 1156 4131 t..
1182 4076 1258 4147 V,
1290 4093 1344 4148 p.
1379 4075 1784 4136 90.-Annal.
1816 4080 2069 4145 Roman„
2104 4081 2251 4135 Mon.
2285 4078 2488 4148 Germ„

381 4162 478 4219 SS.
510 4167 553 4217 t.
585 4161 660 4233 V,
693 4178 748 4233 p.
783 4162 926 4233 476).

453 4250 505 4306 1.
543 4249 828 4319 Ammat.
861 4250 1021 4308 Dans
1053 4251 1106 4308 le
1133 4268 1243 4309 ms.
1277 4252 1316 4308 il
1347 4270 1388 4327 y
1413 4254 1568 4311 avait
1595 4253 1827 4312 d'abord
1854 4258 2177 4325 Affirmant.
