3478 5438
473 747 617 826 420

477 1211 605 1289 421

477 1673 623 1750 422

480 2135 623 2214 423

481 2599 627 2679 424

487 3059 629 3134 425

491 3522 635 3599 426

493 3987 637 4064 427

1388 497 1666 550 mooul.

912 631 1319 706 indecenter
1354 630 1833 728 consepultos.

1008 752 1097 822 Et
1128 746 1199 820 hi
1237 746 1359 845 qui
1394 746 1683 822 luerunt
1711 749 1896 846 eapti

907 871 1059 938 tam
1092 863 1249 938 dire
1284 869 1450 936 sunt
1482 863 1781 938 eoartati

911 978 1105 1078 quod
1139 979 1471 1053 festinant
1506 979 1828 1053 semivivi

909 1095 1095 1170 ultra
1127 1117 1340 1193 posse
1378 1117 1453 1168 se
1488 1093 1772 1169 redimi.

1009 1213 1187 1284 Nam
1219 1211 1315 1285 ob
1350 1208 1866 1284 intolerabilem

914 1331 1435 1399 tormentorum
1468 1323 1868 1424 angustiam

913 1440 1339 1539 promissam
1375 1440 1547 1516 dant
1581 1440 1956 1537 pecuniam

913 1566 987 1631 et
1020 1557 1211 1655 passi
1246 1563 1411 1631 sunt
1442 1563 1681 1630 tamen
1719 1562 2054 1629 mortem.

1012 1677 1453 1747 Mortuorum
1487 1679 1693 1746 extra
1729 1678 1963 1745 eastra

918 1786 1359 1886 proiciuntur
1394 1810 1699 1885 eorpora

917 1927 1132 2000 super
1164 1909 1433 1978 terram
1470 1901 1804 1976 derelicta

918 2019 1099 2094 sieut
1134 2041 1390 2093 eanum
1425 2017 1823 2092 morticina.

1017 2135 1074 2208 Ο
1108 2133 1390 2208 datiana
1424 2132 1685 2221 rabieS,

916 2250 1328 2348 viperarum
1363 2249 1770 2349 progenies,

919 2390 1103 2464 quae
1138 2373 1463 2439 mortuos
1499 2374 1572 2438 et
1606 2365 1928 2438 viventes

924 2482 1021 2555 ita
1053 2488 1439 2555 tormentat
1474 2481 1824 2554 homines,

1018 2598 1247 2670 Senex
1285 2595 1517 2669 nullus
1551 2602 1665 2668 est
1698 2594 1911 2669 hodie

921 2711 1043 2810 qui
1079 2711 1345 2786 malum
1380 2711 1543 2786 huie
1580 2711 1808 2786 simile

920 2828 994 2901 in
1029 2828 1160 2901 hae
1192 2850 1509 2925 unquam
1544 2826 1826 2901 civitate

923 2950 1438 3017 commemoret
1473 2941 1838 3017 accidisse.

1020 3062 1167 3133 Hoc
1203 3058 1514 3132 dedecus
1550 3066 1622 3132 et
1653 3058 1792 3131 hoe
1827 3058 2218 3156 dampnum

922 3198 1172 3248 omnes
1204 3174 1550 3248 meruisse
1586 3172 1888 3249 eredunt

924 3314 1011 3363 eo
1048 3288 1242 3388 quod
1281 3313 1423 3362 non
1459 3288 1713 3363 timent
1749 3292 1970 3363 Deum

926 3430 1057 3480 nee
1088 3405 1441 3478 honorant
1476 3404 1916 3503 episcopum.

1026 3526 1163 3595 Pro
1196 3520 1335 3594 hoe
1366 3543 1541 3621 ergo
1576 3505 1916 3595 miraculo

926 3637 1165 3712 future
1198 3635 1393 3737 genti
1429 3636 1721 3711 consulo

926 3761 1008 3828 ut
1039 3753 1387 3826 honorem
1423 3750 1673 3826 dantes
1708 3756 1856 3825 Deo

925 3866 1263 3942 obediant
1300 3865 1637 3965 episeopo

1028 3992 1101 4057 et
1137 3982 1592 4057 castellanum
1626 3981 1918 4056 minime

930 4105 1231 4195 querant
1261 4096 1779 4185 exhereditare,

934 4238 1022 4288 ne
1057 4212 1402 4289 conformi
1440 4214 1774 4289 stultitiae
