3478 5438
987 623 1127 697 548

982 1083 1123 1158 549

979 1549 1119 1620 550

978 2013 1107 2082 55⁴

975 2473 1116 2548 552

970 2935 1113 3004 553

970 3391 1111 3464 554

966 3852 1109 3921 555

1937 489 2142 542 ensa-A

1516 621 1727 700 Jubet
1761 622 1954 696 cives
1987 631 2478 698 verumtamen

1266 822 1282 834 η
1419 745 1501 811 ut
1534 737 1834 810 afferant
1867 736 2339 835 compositam

1420 851 1938 926 communionis
1974 853 2317 928 cartulam

1418 976 1581 1042 ante
1617 991 1821 1042 suam
1856 969 2309 1065 presentiam.

1517 1083 1721 1160 Cives
1755 1083 1996 1159 audito
2033 1109 2300 1176 cesare,

1414 1223 1503 1274 ne
1540 1199 1911 1291 irascatur,
1953 1201 2255 1299 provide

1413 1315 1719 1390 clamant
1756 1317 1850 1390 nil
1887 1319 2410 1415 pretermittere

1412 1429 1505 1506 de
1540 1431 1652 1505 his
1689 1452 1880 1528 quae·
1907 1441 2114 1531 rogat
2147 1431 2403 1508 facere.

1510 1547 1825 1622 Affertur
1857 1547 2306 1648 privilegium
2349 1577 2364 1622 :

1411 1661 1605 1758 quod
1646 1687 1780 1760 per
1813 1663 2008 1762 regis
2041 1663 2422 1763 imperium

1412 1777 1737 1878 dejurant
1774 1779 1846 1853 in
1884 1789 2313 1878 perpetuum

1412 1895 1485 1967 in
1520 1905 1812 1992 aspectu
1849 1903 1956 1970 tot
1990 1897 2418 1996 principum.

1522 2008 1637 2082 Sic
1672 2008 2022 2109 disjuncta
2055 2011 2460 2088 communio

1408 2121 1501 2197 ab
1538 2122 1780 2221 iniquo
1817 2125 2160 2224 conjurio,

1408 2237 1576 2311 fecit
1610 2238 1764 2339 regi
1799 2240 2126 2315 Heinrico

1407 2353 1742 2428 fiduciam
1777 2367 2244 2432 sacramento.

1507 2477 1659 2548 Rex
1695 2471 1933 2571 itaque
1965 2473 2090 2546 vix
2127 2474 2455 2550 credulus

1410 2585 1612 2661 factis
1646 2586 2102 2662 fidelitatibus

1408 2726 1546 2801 pro
1584 2701 1814 2801 plebis
1849 2702 2249 2781 levitatibus

1406 2826 1479 2891 et
1514 2818 1813 2918 cognitis
1848 2819 2232 2895 sceleribus

1507 2942 1753 3017 monet
1785 2935 1976 3010 cives
2013 2945 2085 3010 et
2120 2936 2374 3011 milites

1407 3058 1485 3123 ut
1520 3050 1585 3123 ei
1621 3048 1890 3123 donent
1925 3050 2209 3147 obsides

1406 3165 1496 3240 de
1535 3164 1669 3239 hoc
1706 3164 1900 3262 quod
1939 3166 2073 3241 sibi
2101 3167 2366 3267 jugiter

1404 3288 1613 3353 erunt
1648 3280 1721 3352 in
1757 3280 1930 3354 fide¹
1969 3282 2280 3358 stabiles.

1502 3400 1605 3469 Ex
1643 3395 1876 3470 edicto
1910 3397 2314 3497 hujusmodi

1404 3509 1918 3607 perturbantur
1952 3514 2301 3604 universi;

1404 3623 1530 3697 sed
1567 3649 1658 3699 ne
1694 3626 2044 3702 obsistant
2077 3628 2300 3703 cesari

1402 3735 1660 3812 dantur
1696 3739 2045 3840 majorum
2083 3742 2231 3816 filii.

1500 3856 1654 3927 Non
1689 3856 1970 3932 inclusit
2005 3883 2136 3932 rex
2171 3858 2472 3933 infantes

1402 3988 1586 4063 quos
1621 3979 1911 4067 ceperat
1943 3972 2016 4047 in
2053 3972 2364 4062 obsides,

1036 4220 1087 4277 1.
1130 4222 1195 4277 in
1222 4222 1343 4292 fide.
1378 4222 1538 4280 Dans
1566 4223 1619 4281 le
1647 4241 1758 4285 ms.
1787 4226 2099 4287 au-dessus
2126 4226 2196 4287 dc
2225 4228 2281 4289 la
2307 4230 2481 4305 ligne.
