3478 5438
1294 529 1635 582 mmnnm.
2460 529 2523 582 67

845 662 962 740 hic
995 660 1430 760 interant-ipsi
1465 659 1627 736 ideo

846 785 930 853 ut
963 777 1188 852 sciant
1221 801 1473 852 omnes
1508 775 1874 876 quomodo

847 901 1316 968 servaverunt
1347 893 1424 966 in
1458 892 1725 968 futuro.

411 1013 552 1084 386
945 1009 1304 1110 conjurati
1337 1017 1830 1084 verumtamen

851 1149 984 1224 per
1018 1125 1366 1226 majorem
1397 1124 1736 1202 fiduciam

841 1241 1092 1342 juvant
1127 1241 1547 1316 Galoherum
1583 1237 1947 1340 presulem

847 1365 1094 1432 contra
1129 1355 1523 1432 Robertum
1559 1354 1923 1442 comitem,

413 1476 553 1547 387
945 1481 1020 1548 et
1055 1479 1437 1572 expectant
1471 1471 1778 1547 fideliter

850 1585 1078 1662 donec
1113 1612 1312 1664 cesar
1345 1587 1715 1663 adveniret

849 1704 1190 1779 Henricus
1225 1729 1358 1779 rex
1391 1702 1723 1777 videlieet

849 1819 971 1918 qui
1009 1845 1089 1894 se
1123 1819 1350 1896 ultum
1384 1823 1817 1894 occurreret.

549 2082 674 2149 De
715 2080 1076 2149 adventu
1111 2079 1642 2162 imperatoris
1681 2079 1769 2146 in
1805 2079 2018 2146 hano
2054 2077 2390 2144 terram.

413 2305 556 2375 388
947 2299 1155 2378 Venit
1189 2299 1510 2374 tandem¹
1555 2323 1686 2374 rex
1723 2297 2090 2385 Hem-iem,

851 2416 1240 2515 imperator
1275 2415 1604 2516 egregius

849 2537 926 2605 et
957 2530 1161 2606 miles
1195 2530 1730 2630 potentissimus

849 2646 1043 2722 venit
1076 2647 1150 2721 in
1188 2647 1342 2723 istis
1379 2643 1727 2746 partibus,

414 2767 554 2836 389
930 2763 1245 2837 -Intravit
1277 2772 1546 2837 terram
1583 2762 1863 2836 comitis

847 2902 1012 2953 cum
1046 2903 1266 2979 grege
1299 2876 1776 2953 fortitudinis²
1823 2904 1838 2949 ε

849 2994 958 3069 cui
999 3018 1240 3069 comes
1278 3018 1421 3068 non
1459 2992 1692 3093 potuit

852 3110 1184 3185 resistere
1221 3133 1352 3183 nec
1389 3107 1660 3183 debuit.

415 3230 556 3300 390
945 3230 1124 3301 Nam
1158 3226 1374 3300 homo
1412 3225 1639 3325 regis³
1679 3218 1927 3297 aderat

486 3474 538 3531 1.
577 3472 669 3531 En
698 3474 858 3545 1102,
889 3490 962 3532 au
989 3473 1356 3547 temoignage
1383 3472 1524 3529 d’un
1551 3470 1730 3547 grand
1766 3471 2005 3532 nombre
2042 3470 2359 3529 &Annales
2394 3487 2533 3531 eon·

415 3562 804 3636 temporaines
843 3563 1070 3633 (Annal.
1111 3564 1448 3633 Anqustamz
1481 3564 1630 3619 Mon.
1664 3564 1869 3631 Germ„
1914 3560 2021 3619 SS.
2062 3569 2105 3617 t.
2145 3560 2265 3633 ΠΙ,
2306 3578 2363 3635 p.
2397 3560 2529 3631 1353

413 3650 754 3719 laubienses,
787 3652 947 3720 ibid„
971 3658 1013 3709 t.
1037 3650 1144 3723 IV,
1175 3668 1232 3725 p.
1255 3650 1354 3720 223
1386 3653 1712 3718 laodien-ses,
1736 3652 1896 3718 ibid„
1930 3667 1985 3723 p.
2009 3649 2106 3717 29;
2141 3652 2528 3716 Οίωηῠῑιναηί,

411 3741 582 3807 ibid„
627 3746 669 3797 t.
714 3738 792 3810 V,
837 3758 892 3813 p.
939 3739 1003 3811 83
1045 3741 1404 3808 Elmnenses,
1452 3742 1620 3808 ibid„
1666 3756 1724 3812 p.
1772 3742 1838 3797 14
1852 3759 1867 3809 ;
1910 3741 2320 3811 Aquicinotini‚
2368 3740 2529 3805 ibid„

415 3836 456 3884 t.
488 3828 656 3900 XVI,
699 3845 755 3901 p.
787 3828 922 3901 5033
957 3830 1249 3899 aquenses,
1297 3832 1455 3898 ibid„
1489 3846 1546 3903 p.
1578 3828 1712 3897 685;
1754 3826 2108 3901 sigebertus,
2148 3830 2307 3898 ibid„
2350 3836 2393 3884 t.
2426 3826 2533 3899 VI,

415 3934 472 3991 p.
501 3917 634 3987 368;
663 3918 968 3975 Annalista
994 3919 1154 3987 Saevo,
1191 3920 1349 3986 ibid„
1381 3935 1439 3991 p.
1472 3918 1617 3989 737).
1649 3917 1763 3973 Les
1786 3917 2047 3975 Annales
2070 3916 2143 3975 de
2161 3916 2535 3975 Vormezeele

415 4006 608 4065 oeulos
633 4015 943 4081 marquent
971 4014 1119 4065 cette
1147 4006 1475 4081 expedition
1497 4007 1531 4063 ὁ,
1549 4006 1777 4065 l'annee
1799 4006 1935 4063 1103
1957 4008 2137 4073 (ibid.,
2162 4012 2208 4063 t.
2230 4005 2307 4079 V,
2334 4023 2389 4080 p.
2418 4005 2531 4071 36).

484 4096 541 4154 2.
580 4096 744 4154 Avec
769 4112 887 4153 une
913 4095 1106 4155 armen
1133 4096 1206 4154 de
1236 4096 1376 4153 7000
1411 4096 1702 4170 hommen,
1745 4096 1977 4153 suivant
2018 4095 2075 4153 la
2100 4094 2435 4169 chronique
2462 4094 2535 4151 de

419 4181 818 4241 Saint-Andre
843 4184 1071 4251 (Chr-on.
1102 4184 1162 4242 S.
1193 4184 1396 4251 Andr„
1433 4200 1482 4241 c.
1513 4184 1604 4255 23,
1636 4200 1690 4257 p.
1729 4184 1879 4250 545).

489 4271 540 4329 3.
581 4272 664 4330 Le
693 4278 880 4330 comte
907 4270 979 4330 de
1007 4272 1254 4330 Flandre
1281 4272 1422 4329 etait
1451 4272 1632 4330 vassa}
1663 4273 1734 4331 de
1763 4272 2020 4347 l’empire
2048 4289 2192 4347 pour
2226 4269 2283 4329 la
2319 4270 2537 4344 princi-
