<?xml version="1.0" encoding="UTF-8"?>
<!DOCTYPE html PUBLIC "-//W3C//DTD XHTML 1.0 Transitional//EN"
    "http://www.w3.org/TR/xhtml1/DTD/xhtml1-transitional.dtd">
<html xmlns="http://www.w3.org/1999/xhtml" xml:lang="en" lang="en">
 <head>
  <title>
</title>
<meta http-equiv="Content-Type" content="text/html;charset=utf-8" />
  <meta name='ocr-system' content='tesseract 3.04.00' />
  <meta name='ocr-capabilities' content='ocr_page ocr_carea ocr_par ocr_line ocrx_word'/>
</head>
<body>
  <div class='ocr_page' id='page_1' title='image "./gestesdesvquesd01unkngoog_0295.png"; bbox 0 0 3478 5438; ppageno 0'>
   <div class='ocr_carea' id='block_1_1' title="bbox 738 500 2556 817">
    <p class='ocr_par' dir='ltr' id='par_1_1' title="bbox 738 500 2556 817">
     <span class='ocr_line' id='line_1_1' title="bbox 738 500 2556 565; baseline 0.006 -14"><span class='ocrx_word' id='word_1_1' title='bbox 738 500 830 551; x_wconf 71' lang='lat' dir='ltr'><strong>nu</strong></span> <span class='ocrx_word' id='word_1_2' title='bbox 857 500 1060 552; x_wconf 74' lang='lat' dir='ltr'><strong>omru</strong></span> <span class='ocrx_word' id='word_1_3' title='bbox 1086 500 1364 565; x_wconf 68' lang='lat' dir='ltr'><strong>nicom,</strong></span> <span class='ocrx_word' id='word_1_4' title='bbox 1400 500 1695 559; x_wconf 70' lang='lat' dir='ltr'><strong>mustum</strong></span> <span class='ocrx_word' id='word_1_5' title='bbox 1721 502 2257 557; x_wconf 70' lang='lat' dir='ltr'><strong>succussonmm.</strong></span> <span class='ocrx_word' id='word_1_6' title='bbox 2464 508 2556 561; x_wconf 69' lang='lat'><strong>243</strong></span> 
     </span>
     <span class='ocr_line' id='line_1_2' title="bbox 803 746 2193 817; baseline 0 -4"><span class='ocrx_word' id='word_1_7' title='bbox 803 746 929 813; x_wconf 82' lang='lat' dir='ltr'><strong>De</strong></span> <span class='ocrx_word' id='word_1_8' title='bbox 976 746 1227 815; x_wconf 83' lang='lat' dir='ltr'><strong>Petro</strong></span> <span class='ocrx_word' id='word_1_9' title='bbox 1276 746 1854 817; x_wconf 75' lang='lat' dir='ltr'><strong>cameracensi</strong></span> <span class='ocrx_word' id='word_1_10' title='bbox 1903 749 2193 817; x_wconf 83' lang='lat' dir='ltr'><strong>electo.</strong></span> 
     </span>
    </p>
   </div>
   <div class='ocr_carea' id='block_1_2' title="bbox 486 1001 2153 3990">
    <p class='ocr_par' dir='ltr' id='par_1_2' title="bbox 486 1001 2153 3990">
     <span class='ocr_line' id='line_1_3' title="bbox 978 1001 2153 1081; baseline 0.005 -7"><span class='ocrx_word' id='word_1_11' title='bbox 978 1005 1146 1075; x_wconf 85' lang='lat' dir='ltr'>Post</span> <span class='ocrx_word' id='word_1_12' title='bbox 1179 1001 1367 1076; x_wconf 91' lang='lat' dir='ltr'><strong>hunc</strong></span> <span class='ocrx_word' id='word_1_13' title='bbox 1397 1002 1847 1079; x_wconf 84' lang='lat' dir='ltr'><strong>Flandrensis</strong></span> <span class='ocrx_word' id='word_1_14' title='bbox 1877 1005 2153 1081; x_wconf 89' lang='lat' dir='ltr'><strong>comitis</strong></span> 
     </span>
     <span class='ocr_line' id='line_1_4' title="bbox 881 1116 1770 1202; baseline 0.002 -11"><span class='ocrx_word' id='word_1_15' title='bbox 881 1116 1101 1202; x_wconf 79' lang='lat' dir='ltr'><strong>frater</strong></span> <span class='ocrx_word' id='word_1_16' title='bbox 1136 1123 1386 1192; x_wconf 84' lang='lat' dir='ltr'><strong>Petrus</strong></span> <span class='ocrx_word' id='word_1_17' title='bbox 1422 1146 1463 1193; x_wconf 84' lang='lat' dir='ltr'><strong>a</strong></span> <span class='ocrx_word' id='word_1_18' title='bbox 1500 1118 1770 1194; x_wconf 78' lang='lat' dir='ltr'>clericis</span> 
     </span>
     <span class='ocr_line' id='line_1_5' title="bbox 980 1233 1962 1311; baseline 0.004 -5"><span class='ocrx_word' id='word_1_19' title='bbox 980 1241 1090 1307; x_wconf 89' lang='lat' dir='ltr'><strong>est</strong></span> <span class='ocrx_word' id='word_1_20' title='bbox 1124 1234 1388 1309; x_wconf 87' lang='lat' dir='ltr'><strong>electus</strong></span> <span class='ocrx_word' id='word_1_21' title='bbox 1425 1233 1513 1308; x_wconf 83' lang='lat' dir='ltr'><strong>ad</strong></span> <span class='ocrx_word' id='word_1_22' title='bbox 1553 1234 1962 1311; x_wconf 79' lang='lat' dir='ltr'><strong>cathedram</strong></span> 
     </span>
     <span class='ocr_line' id='line_1_6' title="bbox 881 1348 1910 1449; baseline 0.004 -28"><span class='ocrx_word' id='word_1_23' title='bbox 881 1357 955 1422; x_wconf 88' lang='lat' dir='ltr'><strong>et</strong></span> <span class='ocrx_word' id='word_1_24' title='bbox 989 1348 1374 1449; x_wconf 82' lang='lat' dir='ltr'><strong>regendam</strong></span> <span class='ocrx_word' id='word_1_25' title='bbox 1408 1349 1847 1447; x_wconf 80' lang='lat' dir='ltr'><strong>provinciam</strong></span> <span class='ocrx_word' id='word_1_26' title='bbox 1895 1379 1910 1424; x_wconf 93' lang='lat'><strong>:</strong></span> 
     </span>
     <span class='ocr_line' id='line_1_7' title="bbox 491 1464 1890 1540; baseline 0.001 -1"><span class='ocrx_word' id='word_1_27' title='bbox 491 1466 585 1539; x_wconf 77' lang='lat'><strong>20</strong></span> <span class='ocrx_word' id='word_1_28' title='bbox 978 1488 1110 1538; x_wconf 92' lang='lat' dir='ltr'><strong>nec</strong></span> <span class='ocrx_word' id='word_1_29' title='bbox 1144 1473 1381 1538; x_wconf 82' lang='lat' dir='ltr'><strong>tamen</strong></span> <span class='ocrx_word' id='word_1_30' title='bbox 1418 1464 1521 1539; x_wconf 89' lang='lat' dir='ltr'><strong>sic</strong></span> <span class='ocrx_word' id='word_1_31' title='bbox 1556 1466 1890 1540; x_wconf 86' lang='lat' dir='ltr'><strong>canonice</strong></span> 
     </span>
     <span class='ocr_line' id='line_1_8' title="bbox 880 1577 1908 1677; baseline 0.003 -26"><span class='ocrx_word' id='word_1_32' title='bbox 880 1577 1049 1675; x_wconf 91' lang='lat' dir='ltr'><strong>quin</strong></span> <span class='ocrx_word' id='word_1_33' title='bbox 1089 1579 1249 1677; x_wconf 87' lang='lat' dir='ltr'><strong>plus</strong></span> <span class='ocrx_word' id='word_1_34' title='bbox 1284 1579 1357 1651; x_wconf 91' lang='lat' dir='ltr'><strong>in</strong></span> <span class='ocrx_word' id='word_1_35' title='bbox 1397 1579 1614 1653; x_wconf 84' lang='lat' dir='ltr'><strong>fratre</strong></span> <span class='ocrx_word' id='word_1_36' title='bbox 1651 1582 1908 1655; x_wconf 82' lang='lat' dir='ltr'>comite</span> 
     </span>
     <span class='ocr_line' id='line_1_9' title="bbox 974 1693 2011 1794; baseline 0.004 -28"><span class='ocrx_word' id='word_1_37' title='bbox 974 1693 1293 1777; x_wconf 86' lang='lat' dir='ltr'><strong>timendo</strong></span> <span class='ocrx_word' id='word_1_38' title='bbox 1330 1719 1531 1793; x_wconf 88' lang='lat' dir='ltr'><strong>spem</strong></span> <span class='ocrx_word' id='word_1_39' title='bbox 1571 1695 2011 1794; x_wconf 79' lang='lat' dir='ltr'><strong>deponerent</strong></span> 
     </span>
     <span class='ocr_line' id='line_1_10' title="bbox 878 1812 2112 1917; baseline 0.005 -35"><span class='ocrx_word' id='word_1_40' title='bbox 878 1833 1094 1905; x_wconf 85' lang='lat' dir='ltr'><strong>quam</strong></span> <span class='ocrx_word' id='word_1_41' title='bbox 1125 1835 1307 1907; x_wconf 82' lang='lat' dir='ltr'><strong>quae</strong></span> <span class='ocrx_word' id='word_1_42' title='bbox 1343 1820 1510 1885; x_wconf 84' lang='lat' dir='ltr'><strong>sunt</strong></span> <span class='ocrx_word' id='word_1_43' title='bbox 1544 1812 1668 1885; x_wconf 91' lang='lat' dir='ltr'><strong>Dei</strong></span> <span class='ocrx_word' id='word_1_44' title='bbox 1705 1823 2112 1917; x_wconf 78' lang='lat' dir='ltr'><strong>quererent.</strong></span> 
     </span>
     <span class='ocr_line' id='line_1_11' title="bbox 940 1926 1832 2027; baseline 0.002 -28"><span class='ocrx_word' id='word_1_45' title='bbox 940 2006 947 2027; x_wconf 48' lang='grc' dir='ltr'>Ι</span> <span class='ocrx_word' id='word_1_46' title='bbox 974 1926 1253 1999; x_wconf 88' lang='lat' dir='ltr'><strong>Electus</strong></span> <span class='ocrx_word' id='word_1_47' title='bbox 1287 1934 1525 1999; x_wconf 81' lang='lat' dir='ltr'><strong>tamen</strong></span> <span class='ocrx_word' id='word_1_48' title='bbox 1549 1926 1832 2025; x_wconf 89' lang='lat' dir='ltr'><strong>juvenis</strong></span> 
     </span>
     <span class='ocr_line' id='line_1_12' title="bbox 490 2040 1828 2118; baseline -0.001 0"><span class='ocrx_word' id='word_1_49' title='bbox 490 2044 583 2118; x_wconf 79' lang='lat'><strong>25</strong></span> <span class='ocrx_word' id='word_1_50' title='bbox 878 2064 1042 2115; x_wconf 90' lang='lat' dir='ltr'><strong>cum</strong></span> <span class='ocrx_word' id='word_1_51' title='bbox 1078 2050 1264 2115; x_wconf 87' lang='lat' dir='ltr'><strong>esset</strong></span> <span class='ocrx_word' id='word_1_52' title='bbox 1301 2040 1529 2115; x_wconf 81' lang='lat' dir='ltr'><strong>bonae</strong></span> <span class='ocrx_word' id='word_1_53' title='bbox 1567 2042 1828 2117; x_wconf 82' lang='lat' dir='ltr'><strong>indolis</strong></span> 
     </span>
     <span class='ocr_line' id='line_1_13' title="bbox 974 2156 1858 2253; baseline 0.003 -25"><span class='ocrx_word' id='word_1_54' title='bbox 974 2164 1216 2229; x_wconf 85' lang='lat' dir='ltr'><strong>tenere</strong></span> <span class='ocrx_word' id='word_1_55' title='bbox 1252 2164 1497 2253; x_wconf 85' lang='lat' dir='ltr'><strong>posset</strong></span> <span class='ocrx_word' id='word_1_56' title='bbox 1532 2156 1858 2232; x_wconf 89' lang='lat' dir='ltr'><strong>ordinem</strong></span> 
     </span>
     <span class='ocr_line' id='line_1_14' title="bbox 876 2270 1946 2371; baseline 0.002 -26"><span class='ocrx_word' id='word_1_57' title='bbox 876 2271 948 2345; x_wconf 89' lang='lat' dir='ltr'><strong>ni</strong></span> <span class='ocrx_word' id='word_1_58' title='bbox 986 2278 1150 2369; x_wconf 87' lang='lat' dir='ltr'><strong>post</strong></span> <span class='ocrx_word' id='word_1_59' title='bbox 1187 2270 1509 2346; x_wconf 87' lang='lat' dir='ltr'><strong>duxisset</strong></span> <span class='ocrx_word' id='word_1_60' title='bbox 1545 2270 1946 2371; x_wconf 88' lang='lat' dir='ltr'><strong>conjugem.</strong></span> 
     </span>
     <span class='ocr_line' id='line_1_15' title="bbox 974 2386 1940 2463; baseline 0.001 -2"><span class='ocrx_word' id='word_1_61' title='bbox 974 2386 1111 2461; x_wconf 89' lang='lat' dir='ltr'><strong>Sed</strong></span> <span class='ocrx_word' id='word_1_62' title='bbox 1150 2386 1368 2459; x_wconf 77' lang='lat' dir='ltr'><strong>frater</strong></span> <span class='ocrx_word' id='word_1_63' title='bbox 1403 2410 1643 2461; x_wconf 89' lang='lat' dir='ltr'><strong>comes</strong></span> <span class='ocrx_word' id='word_1_64' title='bbox 1680 2388 1940 2463; x_wconf 84' lang='lat' dir='ltr'><strong>sterilis</strong></span> 
     </span>
     <span class='ocr_line' id='line_1_16' title="bbox 876 2502 1872 2599; baseline 0.002 -23"><span class='ocrx_word' id='word_1_65' title='bbox 876 2526 1041 2584; x_wconf 86' lang='lat' dir='ltr'><strong>cum</strong></span> <span class='ocrx_word' id='word_1_66' title='bbox 1076 2511 1265 2577; x_wconf 70' lang='lat' dir='ltr'><strong>esset</strong></span> <span class='ocrx_word' id='word_1_67' title='bbox 1300 2502 1571 2599; x_wconf 80' lang='lat' dir='ltr'><strong>absque</strong></span> <span class='ocrx_word' id='word_1_68' title='bbox 1604 2503 1872 2591; x_wconf 86' lang='lat' dir='ltr'><strong>liberis,</strong></span> 
     </span>
     <span class='ocr_line' id='line_1_17' title="bbox 491 2618 1775 2694; baseline 0.002 -3"><span class='ocrx_word' id='word_1_69' title='bbox 491 2621 583 2691; x_wconf 90' lang='grc'><strong>30</strong></span> <span class='ocrx_word' id='word_1_70' title='bbox 978 2643 1067 2691; x_wconf 88' lang='lat' dir='ltr'><strong>ne</strong></span> <span class='ocrx_word' id='word_1_71' title='bbox 1104 2618 1479 2691; x_wconf 84' lang='lat' dir='ltr'><strong>comitatus</strong></span> <span class='ocrx_word' id='word_1_72' title='bbox 1515 2618 1775 2694; x_wconf 84' lang='lat' dir='ltr'><strong>viduus</strong></span> 
     </span>
     <span class='ocr_line' id='line_1_18' title="bbox 877 2734 1734 2825; baseline 0.001 -18"><span class='ocrx_word' id='word_1_73' title='bbox 877 2742 1163 2808; x_wconf 80' lang='lat' dir='ltr'><strong>vacaret</strong></span> <span class='ocrx_word' id='word_1_74' title='bbox 1199 2734 1289 2809; x_wconf 80' lang='lat' dir='ltr'><strong>ab</strong></span> <span class='ocrx_word' id='word_1_75' title='bbox 1326 2734 1734 2825; x_wconf 79' lang='lat' dir='ltr'><strong>heredibuS,</strong></span> 
     </span>
     <span class='ocr_line' id='line_1_19' title="bbox 970 2850 1908 2940; baseline 0.002 -17"><span class='ocrx_word' id='word_1_76' title='bbox 970 2874 1298 2939; x_wconf 85' lang='lat' dir='ltr'><strong>uxorem,</strong></span> <span class='ocrx_word' id='word_1_77' title='bbox 1344 2876 1483 2924; x_wconf 91' lang='lat' dir='ltr'><strong>non</strong></span> <span class='ocrx_word' id='word_1_78' title='bbox 1520 2857 1601 2923; x_wconf 90' lang='lat' dir='ltr'><strong>ut</strong></span> <span class='ocrx_word' id='word_1_79' title='bbox 1637 2850 1908 2940; x_wconf 89' lang='lat' dir='ltr'><strong>debuit,</strong></span> 
     </span>
     <span class='ocr_line' id='line_1_20' title="bbox 874 2963 1915 3065; baseline 0.004 -26"><span class='ocrx_word' id='word_1_80' title='bbox 874 2963 985 3039; x_wconf 88' lang='lat' dir='ltr'><strong>his</strong></span> <span class='ocrx_word' id='word_1_81' title='bbox 1021 2991 1203 3063; x_wconf 80' lang='lat' dir='ltr'><strong>quae</strong></span> <span class='ocrx_word' id='word_1_82' title='bbox 1241 2973 1406 3038; x_wconf 91' lang='lat' dir='ltr'><strong>sunt</strong></span> <span class='ocrx_word' id='word_1_83' title='bbox 1440 2966 1561 3040; x_wconf 91' lang='lat' dir='ltr'><strong>Dei</strong></span> <span class='ocrx_word' id='word_1_84' title='bbox 1602 2969 1915 3065; x_wconf 88' lang='lat' dir='ltr'><strong>pretulit.</strong></span> 
     </span>
     <span class='ocr_line' id='line_1_21' title="bbox 875 3081 1782 3182; baseline 0.001 -27"><span class='ocrx_word' id='word_1_85' title='bbox 875 3081 1017 3156; x_wconf 85' lang='lat' dir='ltr'><strong>Sed</strong></span> <span class='ocrx_word' id='word_1_86' title='bbox 1054 3082 1175 3180; x_wconf 91' lang='lat' dir='ltr'><strong>qui</strong></span> <span class='ocrx_word' id='word_1_87' title='bbox 1214 3081 1451 3155; x_wconf 84' lang='lat' dir='ltr'><strong>divina</strong></span> <span class='ocrx_word' id='word_1_88' title='bbox 1490 3081 1782 3182; x_wconf 86' lang='lat' dir='ltr'><strong>negligit</strong></span> 
     </span>
     <span class='ocr_line' id='line_1_22' title="bbox 488 3195 1815 3271; baseline 0 -1"><span class='ocrx_word' id='word_1_89' title='bbox 488 3200 579 3270; x_wconf 81' lang='lat'><strong>35</strong></span> <span class='ocrx_word' id='word_1_90' title='bbox 874 3221 1018 3270; x_wconf 90' lang='lat' dir='ltr'><strong>non</strong></span> <span class='ocrx_word' id='word_1_91' title='bbox 1056 3205 1247 3271; x_wconf 80' lang='lat' dir='ltr'><strong>recte</strong></span> <span class='ocrx_word' id='word_1_92' title='bbox 1284 3195 1415 3270; x_wconf 92' lang='lat' dir='ltr'><strong>sibi</strong></span> <span class='ocrx_word' id='word_1_93' title='bbox 1454 3198 1758 3270; x_wconf 87' lang='lat' dir='ltr'><strong>consulit</strong></span> <span class='ocrx_word' id='word_1_94' title='bbox 1801 3223 1815 3270; x_wconf 91' lang='lat'>:</span> 
     </span>
     <span class='ocr_line' id='line_1_23' title="bbox 878 3312 1892 3411; baseline 0 -24"><span class='ocrx_word' id='word_1_95' title='bbox 878 3312 1072 3409; x_wconf 90' lang='lat' dir='ltr'><strong>quod</strong></span> <span class='ocrx_word' id='word_1_96' title='bbox 1109 3312 1223 3386; x_wconf 93' lang='lat' dir='ltr'><strong>hic</strong></span> <span class='ocrx_word' id='word_1_97' title='bbox 1257 3313 1587 3411; x_wconf 88' lang='lat' dir='ltr'><strong>exemplo</strong></span> <span class='ocrx_word' id='word_1_98' title='bbox 1627 3313 1892 3388; x_wconf 88' lang='lat' dir='ltr'><strong>docuit.</strong></span> 
     </span>
     <span class='ocr_line' id='line_1_24' title="bbox 874 3421 1870 3534; baseline 0.001 -32"><span class='ocrx_word' id='word_1_99' title='bbox 874 3429 1006 3519; x_wconf 86' lang='lat' dir='ltr'><strong>Qui</strong></span> <span class='ocrx_word' id='word_1_100' title='bbox 1037 3427 1221 3502; x_wconf 80' lang='lat' dir='ltr'><strong>infra</strong></span> <span class='ocrx_word' id='word_1_101' title='bbox 1256 3453 1520 3502; x_wconf 81' lang='lat' dir='ltr'><strong>annum</strong></span> <span class='ocrx_word' id='word_1_102' title='bbox 1548 3421 1870 3534; x_wconf 19' lang='lat' dir='ltr'><strong>&#39;perdidit</strong></span> 
     </span>
     <span class='ocr_line' id='line_1_25' title="bbox 973 3543 1854 3644; baseline 0.002 -28"><span class='ocrx_word' id='word_1_103' title='bbox 973 3551 1048 3617; x_wconf 90' lang='lat' dir='ltr'><strong>et</strong></span> <span class='ocrx_word' id='word_1_104' title='bbox 1084 3543 1302 3617; x_wconf 80' lang='lat' dir='ltr'><strong>vitam</strong></span> <span class='ocrx_word' id='word_1_105' title='bbox 1338 3551 1411 3616; x_wconf 89' lang='lat' dir='ltr'><strong>et</strong></span> <span class='ocrx_word' id='word_1_106' title='bbox 1446 3544 1854 3644; x_wconf 84' lang='lat' dir='ltr'><strong>conjugium</strong></span> 
     </span>
     <span class='ocr_line' id='line_1_26' title="bbox 873 3659 1940 3761; baseline 0.002 -30"><span class='ocrx_word' id='word_1_107' title='bbox 873 3682 1009 3755; x_wconf 91' lang='lat' dir='ltr'><strong>pro</strong></span> <span class='ocrx_word' id='word_1_108' title='bbox 1045 3682 1189 3755; x_wconf 90' lang='lat' dir='ltr'><strong>quo</strong></span> <span class='ocrx_word' id='word_1_109' title='bbox 1228 3659 1511 3758; x_wconf 83' lang='lat' dir='ltr'><strong>negavit</strong></span> <span class='ocrx_word' id='word_1_110' title='bbox 1546 3660 1880 3761; x_wconf 84' lang='lat' dir='ltr'><strong>clericum</strong></span> <span class='ocrx_word' id='word_1_111' title='bbox 1925 3688 1940 3733; x_wconf 92' lang='lat'><strong>:</strong></span> 
     </span>
     <span class='ocr_line' id='line_1_27' title="bbox 486 3772 1951 3875; baseline 0.002 -29"><span class='ocrx_word' id='word_1_112' title='bbox 486 3772 579 3847; x_wconf 71' lang='lat'><strong>40</strong></span> <span class='ocrx_word' id='word_1_113' title='bbox 973 3800 1135 3849; x_wconf 85' lang='lat' dir='ltr'><strong>nam</strong></span> <span class='ocrx_word' id='word_1_114' title='bbox 1173 3799 1370 3849; x_wconf 89' lang='lat' dir='ltr'><strong>mors</strong></span> <span class='ocrx_word' id='word_1_115' title='bbox 1406 3800 1567 3851; x_wconf 88' lang='lat' dir='ltr'><strong>eum</strong></span> <span class='ocrx_word' id='word_1_116' title='bbox 1608 3775 1951 3875; x_wconf 85' lang='lat' dir='ltr'><strong>surripuit</strong></span> 
     </span>
     <span class='ocr_line' id='line_1_28' title="bbox 874 3890 1715 3990; baseline 0.002 -27"><span class='ocrx_word' id='word_1_117' title='bbox 874 3899 946 3963; x_wconf 92' lang='lat' dir='ltr'><strong>et</strong></span> <span class='ocrx_word' id='word_1_118' title='bbox 983 3915 1149 3988; x_wconf 87' lang='lat' dir='ltr'><strong>spes</strong></span> <span class='ocrx_word' id='word_1_119' title='bbox 1181 3890 1335 3990; x_wconf 89' lang='lat' dir='ltr'><strong>ejus</strong></span> <span class='ocrx_word' id='word_1_120' title='bbox 1370 3892 1715 3966; x_wconf 84' lang='lat' dir='ltr'><strong>evanuit¹.</strong></span> 
     </span>
    </p>
   </div>
   <div class='ocr_carea' id='block_1_3' title="bbox 435 4163 2550 4327">
    <p class='ocr_par' dir='ltr' id='par_1_3' title="bbox 435 4163 2550 4327">
     <span class='ocr_line' id='line_1_29' title="bbox 507 4163 2550 4241; baseline 0.002 -20"><span class='ocrx_word' id='word_1_121' title='bbox 507 4165 559 4221; x_wconf 71' lang='lat'><strong>1.</strong></span> <span class='ocrx_word' id='word_1_122' title='bbox 600 4163 693 4223; x_wconf 90' lang='lat' dir='ltr'><strong>On</strong></span> <span class='ocrx_word' id='word_1_123' title='bbox 723 4171 923 4222; x_wconf 82' lang='lat' dir='ltr'><strong>trouve</strong></span> <span class='ocrx_word' id='word_1_124' title='bbox 950 4179 1158 4222; x_wconf 86' lang='lat' dir='ltr'><strong>encore</strong></span> <span class='ocrx_word' id='word_1_125' title='bbox 1186 4165 1329 4222; x_wconf 80' lang='lat' dir='ltr'><strong>dane</strong></span> <span class='ocrx_word' id='word_1_126' title='bbox 1357 4165 1629 4222; x_wconf 79' lang='lat' dir='ltr'><strong>Lambert</strong></span> <span class='ocrx_word' id='word_1_127' title='bbox 1656 4165 1727 4224; x_wconf 89' lang='lat' dir='ltr'><strong>de</strong></span> <span class='ocrx_word' id='word_1_128' title='bbox 1758 4166 2050 4224; x_wconf 77' lang='lat' dir='ltr'><strong>Watrelos</strong></span> <span class='ocrx_word' id='word_1_129' title='bbox 2081 4168 2154 4241; x_wconf 77' lang='lat' dir='ltr'><strong>(p.</strong></span> <span class='ocrx_word' id='word_1_130' title='bbox 2195 4167 2447 4240; x_wconf 76' lang='lat'><strong>540-554)</strong></span> <span class='ocrx_word' id='word_1_131' title='bbox 2479 4167 2550 4226; x_wconf 83' lang='lat' dir='ltr'><strong>de</strong></span> 
     </span>
     <span class='ocr_line' id='line_1_30' title="bbox 435 4250 2550 4327; baseline 0.002 -18"><span class='ocrx_word' id='word_1_132' title='bbox 435 4251 602 4326; x_wconf 81' lang='lat' dir='ltr'><strong>longs</strong></span> <span class='ocrx_word' id='word_1_133' title='bbox 628 4251 834 4310; x_wconf 71' lang='lat' dir='ltr'><strong>details</strong></span> <span class='ocrx_word' id='word_1_134' title='bbox 862 4269 962 4310; x_wconf 81' lang='lat' dir='ltr'><strong>sur</strong></span> <span class='ocrx_word' id='word_1_135' title='bbox 988 4250 1072 4310; x_wconf 88' lang='lat' dir='ltr'><strong>les</strong></span> <span class='ocrx_word' id='word_1_136' title='bbox 1103 4253 1241 4310; x_wconf 85' lang='lat' dir='ltr'><strong>trois</strong></span> <span class='ocrx_word' id='word_1_137' title='bbox 1270 4254 1582 4327; x_wconf 75' lang='lat' dir='ltr'><strong>premieres</strong></span> <span class='ocrx_word' id='word_1_138' title='bbox 1609 4256 1825 4315; x_wconf 73' lang='lat' dir='ltr'><strong>annees</strong></span> <span class='ocrx_word' id='word_1_139' title='bbox 1853 4257 1926 4314; x_wconf 91' lang='lat' dir='ltr'><strong>de</strong></span> <span class='ocrx_word' id='word_1_140' title='bbox 1953 4255 2454 4314; x_wconf 77' lang='lat' dir='ltr'><strong>l’administration</strong></span> <span class='ocrx_word' id='word_1_141' title='bbox 2479 4256 2550 4314; x_wconf 91' lang='lat' dir='ltr'><strong>de</strong></span> 
     </span>
    </p>
   </div>
   <div class='ocr_carea' id='block_1_4' title="bbox 3166 5005 3416 5426">
    <p class='ocr_par' dir='ltr' id='par_1_4' title="bbox 3166 5005 3416 5426">
     <span class='ocr_line' id='line_1_31' title="bbox 3166 5005 3416 5426; baseline 0 12"><span class='ocrx_word' id='word_1_142' title='bbox 3166 5005 3416 5426; x_wconf 95' lang='lat' dir='ltr'><strong> </strong></span> 
     </span>
    </p>
   </div>
  </div>
 </body>
</html>
