3478 5438
410 743 555 822 422

407 1205 553 1283 423

408 1666 550 1744 424

403 2130 549 2208 425

404 2589 549 2666 426

396 3054 541 3128 427

1297 491 1635 544 emm-¹111.
2462 487 2523 540 73

847 627 1261 725 utrobique¹
1304 625 1739 727 congregati,

944 742 1131 818 inter
1164 765 1412 842 regem
1444 751 1517 816 et
1552 741 1876 830 militem,

846 859 1033 933 inter
1066 881 1404 958 magnum
1438 864 1512 932 et
1543 856 1884 933 humilem

846 999 979 1074 per
1014 973 1395 1048 maximam
1430 973 1887 1072 prudentiam

849 1088 1230 1166 restituunt
1264 1087 1790 1163 concordium.

944 1210 1155 1280 Facto
1191 1203 1427 1302 palam
1460 1203 1778 1278 hominio

838 1319 1028 1421 jurat
1060 1318 1417 1394 Robertus
1452 1318 1780 1406 Hem-ico,

849 1436 1201 1537 promittit
1233 1435 1436 1510 miles
1468 1435 1758 1510 domino

850 1552 1015 1650 quia
1050 1552 1279 1627 fidelis
1314 1551 1573 1626 amodo

942 1691 1169 1768 regno
1200 1667 1351 1766 ejus
1388 1666 1746 1742 exstiterit

842 1791 914 1857 et
950 1783 1367 1858 Galcherum
1404 1782 1806 1869 honorabit,

844 1900 1064 1973 immo
1100 1921 1267 1973 eum
1302 1897 1724 1972 sustentabit

844 2023 1090 2088 eontra
1126 2037 1645 2113 quemcumque
1682 2014 1969 2112 poterit.

939 2134 1039 2205 De
1076 2129 1287 2218 vinis,
1330 2128 1421 2203 de
1457 2129 1796 2204 altaribus

841 2267 1021 2343 quae
1056 2251 1222 2318 sunt
1258 2243 1331 2316 in
1366 2243 1513 2318 suis
1547 2242 1870 2341 partibus

842 2358 1188 2458 precipiet
1222 2359 1539 2434 securius

842 2473 975 2548 sibi
1010 2474 1335 2550 conferre
1370 2473 1717 2549 redditus.

941 2590 1139 2688 capti
1177 2591 1511 2688 utrinque
1546 2590 1748 2665 liberi

840 2705 1239 2783 redduntur
1272 2707 1450 2807 regi,
1494 2706 1762 2794 comiti,

836 2832 909 2897 et
944 2821 1306 2923 presulem
1343 2824 1659 2922 oportuit

836 2936 1137 3014 liberare
1172 2963 1354 3037 quos
1389 2938 1660 3013 habuit.

932 3054 1277 3152 Utrinque
1313 3080 1453 3154 pax
1492 3054 1940 3130 extenditur·

838 3180 911 3243 et
936 3171 1273 3271 juvamen
1308 3171 1380 3245 in
1416 3170 1750 3244 omnibus

834 3310 878 3357 a
913 3285 1169 3359 comite
1208 3285 1646 3384 promittitur

833 3400 1007 3473 viris
1044 3400 1690 3475 cameracensibus,

467 3614 517 3669 1.
558 3614 867 3683 utrobique.
900 3610 1065 3669 Dans
1089 3610 1145 3669 le
1171 3628 1281 3669 me.
1316 3612 1359 3669 fl
1398 3632 1435 3687 y
1472 3613 1629 3671 avait.
1664 3612 1894 3671 d'abord
1934 3620 2182 3683 utroque.
2225 3610 2313 3669 Ls
2347 3609 2512 3681 leeon

390 3703 685 3772 utrobique
714 3708 805 3759 est
830 3700 943 3759 due
970 3700 1007 3758 ὁ,
1030 3718 1115 3759 un
1141 3708 1485 3759 correcteur.

460 3790 517 3847 2.
556 3790 719 3849 Cette
746 3790 1177 3849 reconciliation
1208 3797 1308 3848 eut
1333 3790 1450 3848 lien
1484 3792 1537 3849 le
1563 3792 1633 3849 29
1656 3792 1788 3866 juin
1818 3793 1989 3866 1103,
2031 3808 2104 3850 au
2147 3790 2513 3863 temoignage

390 3878 463 3936 de
493 3879 739 3935 l'auteur
766 3880 1196 3953 contempni-ain
1226 3894 1419 3938 eonnu
1446 3896 1582 3938 sous
1609 3878 1663 3939 le
1690 3896 1828 3939 nom
1856 3880 1928 3939 de
1947 3879 2296 3938 l’Annaliste
2317 3878 2513 3936 Saxon

392 3966 629 4037 (Annei.
683 3967 847 4041 Su„
890 3986 946 4043 p.
998 3969 1141 4039 738).
1191 3968 1277 4026 La
1318 3973 1511 4026 meme
1557 3968 1744 4027 annee
1788 3978 1877 4027 est
1921 3969 2198 4044 marquee
2242 3968 2387 4025 dans
2424 3964 2510 4024 les

394 4054 655 4113 Annales
692 4055 764 4112 de
800 4056 975 4129 Liegs
1007 4058 1171 4127 (Non.
1211 4058 1415 4129 Germ„
1464 4056 1570 4115 SS.
1613 4063 1754 4114 tom.
1799 4057 1904 4129 IV,
1950 4076 2007 4131 p.
2048 4058 2160 4131 29),
2202 4056 2273 4113 de
2311 4055 2508 4112 Saint-

392 4142 627 4201 Amand
670 4145 847 4215 (Ibid.,
892 4153 939 4202 t.
971 4144 1049 4215 V,
1092 4164 1147 4219 p.
1193 4147 1277 4217 14)
1320 4154 1378 4204 et
1412 4145 1984 4219 d'Aix-la-Chapelle
2023 4147 2204 4213 uhta„
2248 4150 2288 4201 t.
2336 4142 2508 4213 XVI,

393 4249 451 4306 p.
472 4232 621 4305 685),
646 4233 797 4291 ainsi
824 4250 935 4309 que
963 4234 1106 4292 dans
1128 4234 1391 4308 Sigehert·
1414 4234 1487 4293 de
1506 4234 1829 4295 Gsmbloux
1856 4237 2042 4303 abia„
2075 4242 2116 4290 t.
2142 4232 2246 4305 VI,
2279 4250 2332 4305 p.
2358 4231 2505 4299 368).
