3478 5438
100 2509 103 2526 -·
100 2411 103 2432 -
100 2375 102 2378 ’
100 2279 102 2292 -v
99 2149 108 2228 —-—
99 1865 108 2126 --.-.--.--

100 4832 116 4945 qm*
105 4744 110 4769 ι-
100 4562 116 4713 ·=⁴-‚*}
100 4378 110 4507 o-v-e-
100 4312 112 4343 οι
100 4108 114 4261 -ανο,
100 4052 114 4069 ς
100 3964 110 3987 “

1017 504 1101 556 ΗΒ

1017 759 1156 830 403

1021 1214 1163 1291 404

1023 1681 1164 1751 405

1026 2144 1167 2214 406

1029 2606 1170 2676 407

1029 3069 1169 3141 408

1031 3527 1169 3599 409

1035 3988 1174 4059 440

1952 497 2162 548 GBSrA

1449 635 1577 710 sed
1614 658 1844 732 neque
1878 632 2076 732 pacis
2110 630 2391 730 gaudia,

1551 747 1939 824 commovit
1972 755 2221 823 contra
2255 747 2615 847 presulem

1450 863 1849 943 Get-ardum
1882 863 2117 938 virum
2152 863 2463 938 nobilem

1452 981 1651 1080 cujus
1686 977 2213 1054 insaturabilem

1452 1121 1669 1195 supra
1703 1094 1854 1173 dixi
1886 1093 2302 1193 nequitiam.

1553 1205 1757 1286 Illum
1795 1211 1987 1311 cogit
2018 1218 2092 1284 et
2128 1209 2467 1300 stimulat,

1453 1325 1871 1402 exhortatur
1906 1334 1979 1399 et
2011 1315 2317 1424 imperat

1456 1452 1536 1520 ut
1571 1450 1818 1518 contra
1853 1440 2043 1516 hunc
2076 1465 2155 1515 se
2188 1441 2416 1540 erigat

1457 1558 1569 1635 cui
1603 1558 1825 1635 fidem
1850 1555 2243 1657 juraverat.

1555 1675 1861 1770 Serpens
1894 1671 2121 1745 fomes
2158 1669 2559 1770 superbiae,

1459 1787 1915 1865 succendium
1948 1785 2283 1886 malitiae,

1457 1903 1853 1982 Gerardum
1886 1901 2055 1976 fecit
2090 1923 2385 2002 surgere

1457 2029 1703 2096 eontra
1737 2018 1975 2094 virum
2002 2017 2353 2118 justiciae.

1555 2134 1883 2213 Justiciae
1917 2132 2155 2208 virum
2190 2132 2351 2208 dico

1459 2260 1608 2326 tam
1642 2274 1865 2348 opere
1900 2271 2117 2346 quam
2151 2247 2411 2322 merito

1459 2365 1582 2464 qui
1618 2364 1815 2466 pacis
1849 2371 2003 2438 erat
2034 2363 2303 2438 sanctio

1459 2491 1533 2558 et
1565 2481 1923 2557 latronum
1960 2478 2306 2554 confusio,

1559 2603 1902 2674 Latrones
1938 2595 2128 2669 enim
2162 2594 2415 2670 oderat

1463 2723 1678 2814 atque
1712 2711 1863 2812 pati
1898 2736 2041 2787 non
2080 2719 2359 2811 poterat

1464 2841 1544 2907 ut
1578 2830 1652 2904 in
1691 2854 1817 2905 sua
1838 2827 2172 2903 -custodia

1462 2948 1721 3023 flerent
1754 2942 2143 3019 latrocinia.
2228 2950 2239 2958 '

1561 3065 1662 3137 De
1699 3058 1990 3137 Gerardi
2028 3058 2287 3133 familia

1465 3185 1618 3253 erat
1652 3176 2009 3251 latronum
2044 3174 2249 3273 copia

1463 3294 1534 3368 in
1572 3293 1704 3367 hac
1738 3314 2171 3366 conversans
2206 3288 2459 3388 patria,

1463 3408 1555 3485 ad
1591 3430 1804 3483 omne
1840 3406 2108 3481 malum
2144 3405 2412 3480 sedula.

1562 3523 1692 3614 Qui
1729 3530 2025 3620 repente
2062 3519 2439 3620 prosiliunt

1465 3663 1684 3739 super
1718 3637 2076 3737 quendam
2114 3635 2571 3711 Godefridum

1466 3754 1692 3830 sancti
1726 3752 2098 3830 Humberti
2134 3752 2477 3827 famulum

1466 3871 1867 3945 venientem
1906 3872 2386 3945 Cameracum.

1568 3984 1995 4062 Consodales
2030 3994 2181 4059 tres
2216 3986 2501 4059 fuerunt

1469 4101 1610 4199 qui.
1629 4110 1801 4176 tunc
1834 4099 2140 4177 insidiati
2176 4108 2343 4174 sunt

1471 4217 1564 4293 illi
1601 4216 1833 4295 donec
1868 4216 2235 4292 inveniunt
