3478 5438
425 1005 518 1073 60

424 1468 502 1536 61

421 1928 518 2000 62

417 2389 514 2459 63

417 2842 662 2923 64'

419 3315 516 3384 65

425 3777 521 3847 66

450 4264 500 4319 1.
545 4262 704 4321 Dans
733 4264 788 4323 la
819 4264 1067 4324 Vei-sion
1101 4266 1378 4339 franceise
1413 4287 1424 4322 :
1457 4270 1492 4322 ὰ
1521 4270 1575 4323 la
1601 4274 1757 4337 porte
1784 4270 1847 4323 de
1876 4268 2057 4324 Sellas.

1191 521 1573 574 nummum.
1609 522 1645 571 1.

815 653 1189 730 duodecim
1224 681 1360 754 pro
1397 655 1563 746 filia,

815 771 1014 846 dedit
1049 781 1121 848 et
1155 773 1286 848 hec
1317 781 1396 848 et
1429 773 1560 848 alia

813 885 998 962 dona
1034 885 1548 962 memorabilia.

909 1001 1022 1077 Sic
1057 1011 1284 1078 matre
1317 1004 1558 1100 sicque
1595 1003 1757 1078 filiis

812 1131 962 1215 per'
979 1117 1297 1192 abbatias
1335 1119 1582 1218 positis

811 1231 1337 1310 werimboldus
1359 1233 1448 1308 in
1483 1234 1638 1308 aliis

811 1358 1096 1424 exercet
1135 1349 1558 1425 elemosinis.

909 1464 1018 1542 Ad
1053 1475 1302 1564 portae
1340 1467 1539 1542 salis¹
1583 1466 1960 1542 transitum

815 1589 1156 1656 statutum
1192 1591 1344 1658 erat
1377 1582 1668 1657 feodum

809 1697 1128 1794 accipere
1165 1697 1544 1798 pedagium

813 1811 906 1886 de
939 1810 1155 1887 rebus
1193 1814 1733 1902 transeuntium,

909 1936 982 2000 et
1016 1927 1090 2000 in
1126 1927 1246 2001 illo
1280 1929 1528 2004 itinere

811 2041 1119 2116 debebat
1154 2052 1448 2140 pontem
1487 2044 1720 2118 facere

811 2157 1100 2255 quidam
1135 2157 1566 2234 Fulchardus
1601 2157 1887 2233 nomine

812 2297 1029 2370 quem
1063 2275 1349 2349 tenebat
1384 2275 1474 2351 de
1512 2275 1822 2374 presule.

907 2392 1016 2465 An
1054 2389 1564 2466 destruendum
1599 2393 1882 2490 penitus

810 2503 943 2577 hos
979 2506 1386 2602 pestilentes
1423 2506 1744 2582 redditus

813 2617 1159 2694 laboravit
1194 2622 1721 2699 werimboldus

811 2743 886 2810 et
918 2746 1214 2838 argento
1249 2746 1323 2812 et
1355 2739 1717 2837 precibus.

909 2854 1228 2953 Cogitatu
1265 2854 1710 2931 sanctissimo

811 2966 901 3042 ad
936 2968 1074 3043 hoc
1107 2968 1384 3044 laborat
1418 2972 1675 3047 merito
1719 2998 1735 3043 z

811 3106 976 3156 nam
1011 3108 1176 3158 cum
1210 3086 1380 3159 fletu
1417 3084 1856 3159 creberrimo

810 3199 1048 3295 pontis
1077 3208 1233 3275 erat
1265 3202 1617 3277 transitio.

814 3396 824 3409 ,
909 3314 1245 3389 Crudeles
1277 3317 1468 3389 enim
1503 3316 1743 3391 famuli

811 3438 1220 3528 receptores
1259 3430 1536 3530 pedagii

811 3568 976 3619 cum
1013 3545 1306 3621 deerant
1341 3546 1610 3621 denarii

809 3660 1150 3735 tollebant
1183 3686 1486 3761 cappam
1521 3662 1763 3737 rustici

913 3785 1035 3851 aut
1068 3778 1380 3852 tunicam
1417 3786 1536 3852 aut
1572 3777 1862 3876 pallium

814 3900 936 3967 aut
968 3891 1270 3968 bestiam
1305 3902 1427 3969 aut
1461 3894 1761 3969 alterum

814 4008 1314 4109 quodcumque
1347 4010 1855 4086 vadimonium.

2402 525 2477 576 ¹31
