<?xml version="1.0" encoding="UTF-8"?>
<!DOCTYPE html PUBLIC "-//W3C//DTD XHTML 1.0 Transitional//EN"
    "http://www.w3.org/TR/xhtml1/DTD/xhtml1-transitional.dtd">
<html xmlns="http://www.w3.org/1999/xhtml" xml:lang="en" lang="en">
 <head>
  <title>
</title>
<meta http-equiv="Content-Type" content="text/html;charset=utf-8" />
  <meta name='ocr-system' content='tesseract 3.04.00' />
  <meta name='ocr-capabilities' content='ocr_page ocr_carea ocr_par ocr_line ocrx_word'/>
</head>
<body>
  <div class='ocr_page' id='page_1' title='image "./gestesdesvquesd01unkngoog_0166.png"; bbox 0 0 3478 5438; ppageno 0'>
   <div class='ocr_carea' id='block_1_1' title="bbox 974 469 2272 530">
    <p class='ocr_par' dir='ltr' id='par_1_1' title="bbox 974 469 2272 530">
     <span class='ocr_line' id='line_1_1' title="bbox 974 469 2272 530; baseline -0.002 -1"><span class='ocrx_word' id='word_1_1' title='bbox 974 477 1060 530; x_wconf 77' lang='lat'><strong>112</strong></span> <span class='ocrx_word' id='word_1_2' title='bbox 1770 471 1979 526; x_wconf 70' lang='lat' dir='ltr'>GESTA</span> <span class='ocrx_word' id='word_1_3' title='bbox 2010 469 2272 526; x_wconf 78' lang='lat' dir='ltr'><strong>onoms.</strong></span> 
     </span>
    </p>
   </div>
   <div class='ocr_carea' id='block_1_2' title="bbox 969 575 3079 814">
    <p class='ocr_par' dir='ltr' id='par_1_2' title="bbox 969 575 3079 814">
     <span class='ocr_line' id='line_1_2' title="bbox 1063 575 3079 704; baseline -0.003 -14"><span class='ocrx_word' id='word_1_4' title='bbox 1063 575 1146 690; x_wconf 72' lang='grc'><strong>4.</strong></span> <span class='ocrx_word' id='word_1_5' title='bbox 1179 623 1304 690; x_wconf 83' lang='lat' dir='ltr'><strong>De</strong></span> <span class='ocrx_word' id='word_1_6' title='bbox 1331 620 1840 704; x_wconf 74' lang='lat' dir='ltr'><strong>depositione</strong></span> <span class='ocrx_word' id='word_1_7' title='bbox 1868 620 1956 688; x_wconf 80' lang='lat' dir='ltr'><strong>et</strong></span> <span class='ocrx_word' id='word_1_8' title='bbox 1978 621 2245 687; x_wconf 80' lang='lat' dir='ltr'><strong>morte</strong></span> <span class='ocrx_word' id='word_1_9' title='bbox 2272 619 2562 702; x_wconf 69' lang='lat' dir='ltr'><strong>ipsius.</strong></span> <span class='ocrx_word' id='word_1_10' title='bbox 2586 649 2686 667; x_wconf 93' lang='lat'>—</span> <span class='ocrx_word' id='word_1_11' title='bbox 2702 612 2887 686; x_wconf 86' lang='lat' dir='ltr'><strong>Dum</strong></span> <span class='ocrx_word' id='word_1_12' title='bbox 2910 634 3079 684; x_wconf 81' lang='lat' dir='ltr'><strong>vero</strong></span> 
     </span>
     <span class='ocr_line' id='line_1_3' title="bbox 969 719 3074 814; baseline 0 -16"><span class='ocrx_word' id='word_1_13' title='bbox 969 723 1261 798; x_wconf 76' lang='lat' dir='ltr'><strong>haberet</strong></span> <span class='ocrx_word' id='word_1_14' title='bbox 1303 721 1692 797; x_wconf 82' lang='lat' dir='ltr'><strong>maximum</strong></span> <span class='ocrx_word' id='word_1_15' title='bbox 1739 719 2057 796; x_wconf 80' lang='lat' dir='ltr'><strong>studium</strong></span> <span class='ocrx_word' id='word_1_16' title='bbox 2090 719 2183 794; x_wconf 90' lang='lat' dir='ltr'><strong>de</strong></span> <span class='ocrx_word' id='word_1_17' title='bbox 2228 721 2619 796; x_wconf 76' lang='lat' dir='ltr'><strong>salvatione</strong></span> <span class='ocrx_word' id='word_1_18' title='bbox 2652 723 3074 814; x_wconf 69' lang='lat' dir='ltr'><strong>animarum,</strong></span> 
     </span>
    </p>
   </div>
   <div class='ocr_carea' id='block_1_3' title="bbox 867 835 3081 3011">
    <p class='ocr_par' dir='ltr' id='par_1_3' title="bbox 867 835 3081 3011">
     <span class='ocr_line' id='line_1_4' title="bbox 969 835 3081 934; baseline -0.001 -18"><span class='ocrx_word' id='word_1_19' title='bbox 969 839 1098 916; x_wconf 79' lang='lat' dir='ltr'><strong>sed</strong></span> <span class='ocrx_word' id='word_1_20' title='bbox 1137 837 1328 914; x_wconf 88' lang='lat' dir='ltr'><strong>unde</strong></span> <span class='ocrx_word' id='word_1_21' title='bbox 1370 837 1645 912; x_wconf 79' lang='lat' dir='ltr'><strong>viveret</strong></span> <span class='ocrx_word' id='word_1_22' title='bbox 1687 836 1957 911; x_wconf 85' lang='lat' dir='ltr'><strong>nullum</strong></span> <span class='ocrx_word' id='word_1_23' title='bbox 2002 835 2404 934; x_wconf 78' lang='lat' dir='ltr'><strong>possideret</strong></span> <span class='ocrx_word' id='word_1_24' title='bbox 2440 837 2889 928; x_wconf 79' lang='lat' dir='ltr'><strong>beneficium,</strong></span> <span class='ocrx_word' id='word_1_25' title='bbox 2929 847 3081 913; x_wconf 77' lang='lat' dir='ltr'><strong>tnn-</strong></span> 
     </span>
     <span class='ocr_line' id='line_1_5' title="bbox 867 951 3077 1054; baseline 0 -25"><span class='ocrx_word' id='word_1_26' title='bbox 867 1006 877 1015; x_wconf 91' lang='lat'><em>-</em></span> <span class='ocrx_word' id='word_1_27' title='bbox 969 954 1138 1029; x_wconf 89' lang='lat' dir='ltr'><strong>dem</strong></span> <span class='ocrx_word' id='word_1_28' title='bbox 1162 953 1255 1030; x_wconf 90' lang='lat' dir='ltr'><strong>de</strong></span> <span class='ocrx_word' id='word_1_29' title='bbox 1277 953 1556 1052; x_wconf 79' lang='lat' dir='ltr'><strong>quesite</strong></span> <span class='ocrx_word' id='word_1_30' title='bbox 1573 960 1647 1026; x_wconf 89' lang='lat' dir='ltr'><strong>et</strong></span> <span class='ocrx_word' id='word_1_31' title='bbox 1663 960 1952 1050; x_wconf 76' lang='lat' dir='ltr'><strong>recepto</strong></span> <span class='ocrx_word' id='word_1_32' title='bbox 1980 952 2259 1027; x_wconf 81' lang='lat' dir='ltr'><strong>nescius</strong></span> <span class='ocrx_word' id='word_1_33' title='bbox 2274 951 2763 1028; x_wconf 86' lang='lat' dir='ltr'><strong>futurorumin</strong></span> <span class='ocrx_word' id='word_1_34' title='bbox 2784 970 3077 1054; x_wconf 76' lang='lat' dir='ltr'><strong>magnae</strong></span> 
     </span>
     <span class='ocr_line' id='line_1_6' title="bbox 966 1067 3077 1168; baseline 0 -23"><span class='ocrx_word' id='word_1_35' title='bbox 966 1069 1374 1145; x_wconf 82' lang='lat' dir='ltr'><strong>offensionis</strong></span> <span class='ocrx_word' id='word_1_36' title='bbox 1417 1067 1670 1142; x_wconf 86' lang='lat' dir='ltr'><strong>eeeidit</strong></span> <span class='ocrx_word' id='word_1_37' title='bbox 1717 1067 2137 1166; x_wconf 83' lang='lat' dir='ltr'><strong>perieulum.</strong></span> <span class='ocrx_word' id='word_1_38' title='bbox 2189 1072 2297 1142; x_wconf 86' lang='lat' dir='ltr'><strong>Ex</strong></span> <span class='ocrx_word' id='word_1_39' title='bbox 2338 1067 2479 1144; x_wconf 90' lang='lat' dir='ltr'><strong>hoe</strong></span> <span class='ocrx_word' id='word_1_40' title='bbox 2520 1069 2711 1144; x_wconf 86' lang='lat' dir='ltr'><strong>enim</strong></span> <span class='ocrx_word' id='word_1_41' title='bbox 2758 1071 2957 1168; x_wconf 89' lang='lat' dir='ltr'><strong>quod</strong></span> <span class='ocrx_word' id='word_1_42' title='bbox 2990 1071 3077 1145; x_wconf 89' lang='lat' dir='ltr'><strong>de</strong></span> 
     </span>
     <span class='ocr_line' id='line_1_7' title="bbox 965 1181 3077 1284; baseline 0 -24"><span class='ocrx_word' id='word_1_43' title='bbox 965 1211 1180 1260; x_wconf 82' lang='lat' dir='ltr'><strong>manu</strong></span> <span class='ocrx_word' id='word_1_44' title='bbox 1247 1181 1702 1282; x_wconf 79' lang='lat' dir='ltr'><strong>imperatoris</strong></span> <span class='ocrx_word' id='word_1_45' title='bbox 1770 1183 2357 1258; x_wconf 69' lang='lat' dir='ltr'><strong>exeommunicati</strong></span> <span class='ocrx_word' id='word_1_46' title='bbox 2430 1184 2708 1284; x_wconf 82' lang='lat' dir='ltr'><strong>virgam</strong></span> <span class='ocrx_word' id='word_1_47' title='bbox 2770 1187 3077 1284; x_wconf 79' lang='lat' dir='ltr'><strong>suscepit</strong></span> 
     </span>
     <span class='ocr_line' id='line_1_8' title="bbox 965 1297 3075 1402; baseline -0 -27"><span class='ocrx_word' id='word_1_48' title='bbox 965 1300 1394 1400; x_wconf 73' lang='lat' dir='ltr'><strong>pastoralem</strong></span> <span class='ocrx_word' id='word_1_49' title='bbox 1441 1307 1516 1374; x_wconf 90' lang='lat' dir='ltr'><strong>et</strong></span> <span class='ocrx_word' id='word_1_50' title='bbox 1563 1322 1807 1372; x_wconf 80' lang='lat' dir='ltr'><strong>eoram</strong></span> <span class='ocrx_word' id='word_1_51' title='bbox 1861 1297 2215 1396; x_wconf 80' lang='lat' dir='ltr'><strong>episeopis</strong></span> <span class='ocrx_word' id='word_1_52' title='bbox 2264 1307 2339 1373; x_wconf 86' lang='lat' dir='ltr'><strong>et</strong></span> <span class='ocrx_word' id='word_1_53' title='bbox 2388 1298 2831 1399; x_wconf 79' lang='lat' dir='ltr'><strong>principibus</strong></span> <span class='ocrx_word' id='word_1_54' title='bbox 2878 1302 3075 1402; x_wconf 86' lang='lat' dir='ltr'><strong>regni</strong></span> 
     </span>
     <span class='ocr_line' id='line_1_9' title="bbox 961 1412 3077 1512; baseline 0 -22"><span class='ocrx_word' id='word_1_55' title='bbox 961 1415 1123 1491; x_wconf 85' lang='lat' dir='ltr'><strong>fecit</strong></span> <span class='ocrx_word' id='word_1_56' title='bbox 1159 1414 1292 1491; x_wconf 85' lang='lat' dir='ltr'><strong>sibi</strong></span> <span class='ocrx_word' id='word_1_57' title='bbox 1327 1413 1765 1500; x_wconf 78' lang='lat' dir='ltr'><strong>fidelitatem,</strong></span> <span class='ocrx_word' id='word_1_58' title='bbox 1814 1412 2015 1510; x_wconf 79' lang='lat' dir='ltr'><strong>quasi</strong></span> <span class='ocrx_word' id='word_1_59' title='bbox 2052 1413 2325 1510; x_wconf 84' lang='lat' dir='ltr'><strong>primus</strong></span> <span class='ocrx_word' id='word_1_60' title='bbox 2366 1415 2853 1512; x_wconf 75' lang='lat' dir='ltr'><strong>prevaricator</strong></span> <span class='ocrx_word' id='word_1_61' title='bbox 2888 1440 3077 1490; x_wconf 85' lang='lat' dir='ltr'><strong>sum—</strong></span> 
     </span>
     <span class='ocr_line' id='line_1_10' title="bbox 965 1528 3077 1628; baseline -0 -22"><span class='ocrx_word' id='word_1_62' title='bbox 965 1553 1162 1607; x_wconf 87' lang='lat' dir='ltr'><strong>mum</strong></span> <span class='ocrx_word' id='word_1_63' title='bbox 1179 1529 1475 1605; x_wconf 82' lang='lat' dir='ltr'><strong>offendit</strong></span> <span class='ocrx_word' id='word_1_64' title='bbox 1497 1529 1965 1604; x_wconf 68' lang='lat' dir='ltr'><strong>sacerdotem.</strong></span> <span class='ocrx_word' id='word_1_65' title='bbox 1994 1533 2171 1601; x_wconf 82' lang='lat' dir='ltr'><strong>Nam</strong></span> <span class='ocrx_word' id='word_1_66' title='bbox 2190 1528 2377 1603; x_wconf 84' lang='lat' dir='ltr'><strong>inter</strong></span> <span class='ocrx_word' id='word_1_67' title='bbox 2394 1554 2655 1628; x_wconf 78' lang='lat' dir='ltr'><strong>papam</strong></span> <span class='ocrx_word' id='word_1_68' title='bbox 2672 1537 2747 1604; x_wconf 89' lang='lat' dir='ltr'><strong>et</strong></span> <span class='ocrx_word' id='word_1_69' title='bbox 2762 1553 3077 1605; x_wconf 74' lang='lat' dir='ltr'><strong>cesarem</strong></span> 
     </span>
     <span class='ocr_line' id='line_1_11' title="bbox 963 1643 3077 1744; baseline 0 -24"><span class='ocrx_word' id='word_1_70' title='bbox 963 1647 1036 1720; x_wconf 88' lang='lat' dir='ltr'><strong>in</strong></span> <span class='ocrx_word' id='word_1_71' title='bbox 1071 1655 1394 1744; x_wconf 85' lang='lat' dir='ltr'><strong>tempore</strong></span> <span class='ocrx_word' id='word_1_72' title='bbox 1427 1644 1548 1718; x_wconf 86' lang='lat' dir='ltr'><strong>illo</strong></span> <span class='ocrx_word' id='word_1_73' title='bbox 1571 1652 1722 1718; x_wconf 81' lang='lat' dir='ltr'><strong>erat</strong></span> <span class='ocrx_word' id='word_1_74' title='bbox 1751 1643 2104 1717; x_wconf 84' lang='lat' dir='ltr'><strong>eontentio</strong></span> <span class='ocrx_word' id='word_1_75' title='bbox 2137 1643 2229 1717; x_wconf 90' lang='lat' dir='ltr'><strong>de</strong></span> <span class='ocrx_word' id='word_1_76' title='bbox 2252 1644 2587 1742; x_wconf 75' lang='lat' dir='ltr'><strong>pastorali</strong></span> <span class='ocrx_word' id='word_1_77' title='bbox 2614 1644 2865 1720; x_wconf 79' lang='lat' dir='ltr'><strong>baculo</strong></span> <span class='ocrx_word' id='word_1_78' title='bbox 2890 1655 2969 1718; x_wconf 88' lang='lat' dir='ltr'><strong>et</strong></span> <span class='ocrx_word' id='word_1_79' title='bbox 2988 1645 3077 1720; x_wconf 88' lang='lat' dir='ltr'><strong>de</strong></span> 
     </span>
     <span class='ocr_line' id='line_1_12' title="bbox 964 1749 3077 1859; baseline 0 -24"><span class='ocrx_word' id='word_1_80' title='bbox 964 1760 1158 1835; x_wconf 84' lang='lat' dir='ltr'><strong>omni</strong></span> <span class='ocrx_word' id='word_1_81' title='bbox 1220 1758 1409 1835; x_wconf 90' lang='lat' dir='ltr'><strong>dono</strong></span> <span class='ocrx_word' id='word_1_82' title='bbox 1467 1757 1961 1833; x_wconf 77' lang='lat' dir='ltr'><strong>eeclesiastico.</strong></span> <span class='ocrx_word' id='word_1_83' title='bbox 2032 1749 2254 1848; x_wconf 77' lang='lat' dir='ltr'><strong>Quem</strong></span> <span class='ocrx_word' id='word_1_84' title='bbox 2299 1758 2449 1858; x_wconf 77' lang='lat' dir='ltr'><strong>jam</strong></span> <span class='ocrx_word' id='word_1_85' title='bbox 2516 1759 2671 1857; x_wconf 86' lang='lat' dir='ltr'><strong>ipse</strong></span> <span class='ocrx_word' id='word_1_86' title='bbox 2727 1784 2919 1859; x_wconf 80' lang='lat' dir='ltr'><strong>papa</strong></span> <span class='ocrx_word' id='word_1_87' title='bbox 2976 1761 3077 1836; x_wconf 82' lang='lat' dir='ltr'><strong>sic</strong></span> 
     </span>
     <span class='ocr_line' id='line_1_13' title="bbox 963 1873 3075 1974; baseline -0 -22"><span class='ocrx_word' id='word_1_88' title='bbox 963 1881 1420 1974; x_wconf 80' lang='lat' dir='ltr'><strong>superaverat</strong></span> <span class='ocrx_word' id='word_1_89' title='bbox 1469 1873 1664 1971; x_wconf 90' lang='lat' dir='ltr'><strong>quod</strong></span> <span class='ocrx_word' id='word_1_90' title='bbox 1711 1875 1945 1948; x_wconf 82' lang='lat' dir='ltr'><strong>nullus</strong></span> <span class='ocrx_word' id='word_1_91' title='bbox 2002 1874 2305 1971; x_wconf 79' lang='lat' dir='ltr'><strong>amplius</strong></span> <span class='ocrx_word' id='word_1_92' title='bbox 2364 1873 2455 1950; x_wconf 87' lang='lat' dir='ltr'><strong>de</strong></span> <span class='ocrx_word' id='word_1_93' title='bbox 2510 1874 2841 1950; x_wconf 78' lang='lat' dir='ltr'><strong>menibus</strong></span> <span class='ocrx_word' id='word_1_94' title='bbox 2892 1876 3075 1951; x_wconf 80' lang='lat' dir='ltr'><strong>illius</strong></span> 
     </span>
     <span class='ocr_line' id='line_1_14' title="bbox 961 1988 3075 2088; baseline 0 -22"><span class='ocrx_word' id='word_1_95' title='bbox 961 1990 1452 2066; x_wconf 71' lang='lat' dir='ltr'><strong>investituram</strong></span> <span class='ocrx_word' id='word_1_96' title='bbox 1497 1988 2037 2064; x_wconf 75' lang='lat' dir='ltr'><strong>eeclesiasticam</strong></span> <span class='ocrx_word' id='word_1_97' title='bbox 2088 1989 2409 2086; x_wconf 78' lang='lat' dir='ltr'><strong>accipere</strong></span> <span class='ocrx_word' id='word_1_98' title='bbox 2450 1992 2937 2088; x_wconf 77' lang='lat' dir='ltr'><strong>presumebat.</strong></span> <span class='ocrx_word' id='word_1_99' title='bbox 2992 1997 3075 2067; x_wconf 82' lang='lat' dir='ltr'><strong>Et</strong></span> 
     </span>
     <span class='ocr_line' id='line_1_15' title="bbox 963 2101 3067 2204; baseline 0.001 -25"><span class='ocrx_word' id='word_1_100' title='bbox 963 2105 1298 2204; x_wconf 79' lang='lat' dir='ltr'><strong>quoniam</strong></span> <span class='ocrx_word' id='word_1_101' title='bbox 1359 2104 1494 2190; x_wconf 85' lang='lat' dir='ltr'><strong>iste</strong></span> <span class='ocrx_word' id='word_1_102' title='bbox 1548 2101 1700 2177; x_wconf 87' lang='lat' dir='ltr'><strong>Odo</strong></span> <span class='ocrx_word' id='word_1_103' title='bbox 1764 2105 2167 2202; x_wconf 70' lang='lat' dir='ltr'><strong>episcopm,</strong></span> <span class='ocrx_word' id='word_1_104' title='bbox 2236 2102 2519 2179; x_wconf 84' lang='lat' dir='ltr'><strong>humilis</strong></span> <span class='ocrx_word' id='word_1_105' title='bbox 2578 2113 2653 2178; x_wconf 91' lang='lat' dir='ltr'><strong>et</strong></span> <span class='ocrx_word' id='word_1_106' title='bbox 2716 2105 3067 2194; x_wconf 74' lang='lat' dir='ltr'><strong>inemtas,</strong></span> 
     </span>
     <span class='ocr_line' id='line_1_16' title="bbox 965 2217 3073 2296; baseline 0 0"><span class='ocrx_word' id='word_1_107' title='bbox 965 2228 1272 2296; x_wconf 69' lang='lat' dir='ltr'><strong>sumtus</strong></span> <span class='ocrx_word' id='word_1_108' title='bbox 1301 2242 1554 2294; x_wconf 79' lang='lat' dir='ltr'><strong>manus</strong></span> <span class='ocrx_word' id='word_1_109' title='bbox 1583 2217 1913 2294; x_wconf 79' lang='lat' dir='ltr'><strong>manibus</strong></span> <span class='ocrx_word' id='word_1_110' title='bbox 1945 2218 2233 2293; x_wconf 76' lang='lat' dir='ltr'><strong>heoetiei</strong></span> <span class='ocrx_word' id='word_1_111' title='bbox 2270 2227 2345 2292; x_wconf 88' lang='lat' dir='ltr'><strong>et</strong></span> <span class='ocrx_word' id='word_1_112' title='bbox 2380 2219 2825 2296; x_wconf 77' lang='lat' dir='ltr'><strong>anathemate</strong></span> <span class='ocrx_word' id='word_1_113' title='bbox 2862 2220 3073 2296; x_wconf 72' lang='lat' dir='ltr'><strong>eami-</strong></span> 
     </span>
     <span class='ocr_line' id='line_1_17' title="bbox 962 2334 3065 2436; baseline 0.001 -26"><span class='ocrx_word' id='word_1_114' title='bbox 962 2337 1098 2436; x_wconf 80' lang='lat' dir='ltr'><strong>legi</strong></span> <span class='ocrx_word' id='word_1_115' title='bbox 1121 2335 1394 2435; x_wconf 84' lang='lat' dir='ltr'><strong>polluit,</strong></span> <span class='ocrx_word' id='word_1_116' title='bbox 1421 2334 1558 2409; x_wconf 85' lang='lat' dir='ltr'><strong>hoc</strong></span> <span class='ocrx_word' id='word_1_117' title='bbox 1581 2334 1822 2431; x_wconf 90' lang='lat' dir='ltr'><strong>utique</strong></span> <span class='ocrx_word' id='word_1_118' title='bbox 1846 2358 2027 2432; x_wconf 78' lang='lat' dir='ltr'><strong>papa</strong></span> <span class='ocrx_word' id='word_1_119' title='bbox 2062 2358 2199 2432; x_wconf 86' lang='lat' dir='ltr'><strong>pro</strong></span> <span class='ocrx_word' id='word_1_120' title='bbox 2232 2335 2435 2434; x_wconf 77' lang='lat' dir='ltr'><strong>gravi</strong></span> <span class='ocrx_word' id='word_1_121' title='bbox 2466 2343 2715 2411; x_wconf 81' lang='lat' dir='ltr'><strong>tenens</strong></span> <span class='ocrx_word' id='word_1_122' title='bbox 2744 2361 3065 2428; x_wconf 77' lang='lat' dir='ltr'><strong>excessu,</strong></span> 
     </span>
     <span class='ocr_line' id='line_1_18' title="bbox 963 2449 3069 2551; baseline 0.001 -25"><span class='ocrx_word' id='word_1_123' title='bbox 963 2451 1348 2551; x_wconf 74' lang='lat' dir='ltr'><strong>epicopalia</strong></span> <span class='ocrx_word' id='word_1_124' title='bbox 1373 2450 1510 2525; x_wconf 81' lang='lat' dir='ltr'><strong>sibi</strong></span> <span class='ocrx_word' id='word_1_125' title='bbox 1543 2459 1797 2524; x_wconf 74' lang='lat' dir='ltr'><strong>cuneta</strong></span> <span class='ocrx_word' id='word_1_126' title='bbox 1817 2449 2203 2549; x_wconf 89' lang='lat' dir='ltr'><strong>prohibuit.</strong></span> <span class='ocrx_word' id='word_1_127' title='bbox 2240 2451 2571 2526; x_wconf 82' lang='lat' dir='ltr'><strong>Infirmus</strong></span> <span class='ocrx_word' id='word_1_128' title='bbox 2590 2452 2807 2527; x_wconf 90' lang='lat' dir='ltr'><strong>morti</strong></span> <span class='ocrx_word' id='word_1_129' title='bbox 2828 2455 3069 2551; x_wconf 81' lang='lat' dir='ltr'><strong>proxi-</strong></span> 
     </span>
     <span class='ocr_line' id='line_1_19' title="bbox 963 2564 3068 2667; baseline 0.003 -25"><span class='ocrx_word' id='word_1_130' title='bbox 963 2591 1122 2643; x_wconf 84' lang='lat' dir='ltr'><strong>mus</strong></span> <span class='ocrx_word' id='word_1_131' title='bbox 1149 2575 1319 2642; x_wconf 85' lang='lat' dir='ltr'><strong>tunc</strong></span> <span class='ocrx_word' id='word_1_132' title='bbox 1341 2566 1495 2665; x_wconf 82' lang='lat' dir='ltr'><strong>ipse</strong></span> <span class='ocrx_word' id='word_1_133' title='bbox 1512 2564 1792 2664; x_wconf 76' lang='lat' dir='ltr'><strong>jacebat</strong></span> <span class='ocrx_word' id='word_1_134' title='bbox 1818 2564 2107 2662; x_wconf 83' lang='lat' dir='ltr'><strong>quando</strong></span> <span class='ocrx_word' id='word_1_135' title='bbox 2132 2564 2209 2638; x_wconf 88' lang='lat' dir='ltr'><strong>in</strong></span> <span class='ocrx_word' id='word_1_136' title='bbox 2228 2583 2393 2640; x_wconf 89' lang='lat' dir='ltr'><strong>eum</strong></span> <span class='ocrx_word' id='word_1_137' title='bbox 2418 2567 2801 2666; x_wconf 76' lang='lat' dir='ltr'><strong>apostoliea</strong></span> <span class='ocrx_word' id='word_1_138' title='bbox 2823 2593 3068 2667; x_wconf 55' lang='lat' dir='ltr'><strong>supere</strong></span> 
     </span>
     <span class='ocr_line' id='line_1_20' title="bbox 959 2679 3059 2781; baseline 0.001 -24"><span class='ocrx_word' id='word_1_139' title='bbox 959 2682 1156 2759; x_wconf 82' lang='lat' dir='ltr'><strong>venit</strong></span> <span class='ocrx_word' id='word_1_140' title='bbox 1225 2681 1594 2758; x_wconf 76' lang='lat' dir='ltr'><strong>sententia.</strong></span> <span class='ocrx_word' id='word_1_141' title='bbox 1671 2681 1804 2771; x_wconf 86' lang='lat' dir='ltr'><strong>Qui</strong></span> <span class='ocrx_word' id='word_1_142' title='bbox 1871 2679 2213 2757; x_wconf 84' lang='lat' dir='ltr'><strong>obediens</strong></span> <span class='ocrx_word' id='word_1_143' title='bbox 2274 2685 2419 2757; x_wconf 87' lang='lat' dir='ltr'><strong>Deo</strong></span> <span class='ocrx_word' id='word_1_144' title='bbox 2490 2691 2565 2757; x_wconf 86' lang='lat' dir='ltr'><strong>et</strong></span> <span class='ocrx_word' id='word_1_145' title='bbox 2642 2684 3027 2781; x_wconf 75' lang='lat' dir='ltr'><strong>apostolico</strong></span> <span class='ocrx_word' id='word_1_146' title='bbox 3042 2744 3059 2775; x_wconf 90' lang='lat'><strong><em>‚</em></strong></span> 
     </span>
     <span class='ocr_line' id='line_1_21' title="bbox 959 2796 3063 2896; baseline 0.001 -24"><span class='ocrx_word' id='word_1_147' title='bbox 959 2797 1334 2873; x_wconf 84' lang='lat' dir='ltr'><strong>defunctus</strong></span> <span class='ocrx_word' id='word_1_148' title='bbox 1385 2806 1497 2872; x_wconf 83' lang='lat' dir='ltr'><strong>est</strong></span> <span class='ocrx_word' id='word_1_149' title='bbox 1551 2797 1622 2870; x_wconf 87' lang='lat' dir='ltr'><strong>in</strong></span> <span class='ocrx_word' id='word_1_150' title='bbox 1685 2796 2118 2886; x_wconf 81' lang='lat' dir='ltr'><strong>obedientia,</strong></span> <span class='ocrx_word' id='word_1_151' title='bbox 2186 2797 2504 2896; x_wconf 83' lang='lat' dir='ltr'><strong>sepultus</strong></span> <span class='ocrx_word' id='word_1_152' title='bbox 2553 2798 2939 2875; x_wconf 86' lang='lat' dir='ltr'><strong>honorifiee</strong></span> <span class='ocrx_word' id='word_1_153' title='bbox 2996 2802 3063 2875; x_wconf 85' lang='lat' dir='ltr'><strong>in</strong></span> 
     </span>
     <span class='ocr_line' id='line_1_22' title="bbox 956 2912 1753 3011; baseline -0.004 -23"><span class='ocrx_word' id='word_1_154' title='bbox 956 2912 1403 3011; x_wconf 83' lang='lat' dir='ltr'><strong>Aquieinensi</strong></span> <span class='ocrx_word' id='word_1_155' title='bbox 1435 2912 1753 2989; x_wconf 76' lang='lat' dir='ltr'><strong>eeclesia.</strong></span> 
     </span>
    </p>
   </div>
   <div class='ocr_carea' id='block_1_4' title="bbox 1211 3180 2813 3359">
    <p class='ocr_par' dir='ltr' id='par_1_4' title="bbox 1211 3180 2813 3359">
     <span class='ocr_line' id='line_1_23' title="bbox 1211 3180 2813 3267; baseline 0.001 -16"><span class='ocrx_word' id='word_1_156' title='bbox 1211 3180 1578 3265; x_wconf 69' lang='lat' dir='ltr'><strong>Explicit</strong></span> <span class='ocrx_word' id='word_1_157' title='bbox 1623 3183 1726 3251; x_wconf 87' lang='lat' dir='ltr'><strong>de</strong></span> <span class='ocrx_word' id='word_1_158' title='bbox 1767 3184 2054 3252; x_wconf 86' lang='lat' dir='ltr'><strong>domno</strong></span> <span class='ocrx_word' id='word_1_159' title='bbox 2098 3184 2373 3252; x_wconf 81' lang='lat' dir='ltr'><strong>odone</strong></span> <span class='ocrx_word' id='word_1_160' title='bbox 2424 3183 2813 3267; x_wconf 76' lang='lat' dir='ltr'><strong>episeopo</strong></span> 
     </span>
     <span class='ocr_line' id='line_1_24' title="bbox 1715 3289 2309 3359; baseline 0 -2"><span class='ocrx_word' id='word_1_161' title='bbox 1715 3289 2309 3359; x_wconf 76' lang='lat' dir='ltr'><strong>cameracensi.</strong></span> 
     </span>
    </p>
   </div>
  </div>
 </body>
</html>
