3478 5438
418 839 565 916 256

419 1299 563 1376 257

420 1763 563 1839 268

418 2231 565 2306 259

419 2693 567 2770 260

421 3160 554 3235 264

424 3618 570 3697 262

421 4081 569 4158 263

1306 467 1641 521 (ἶΑΙιῦΗΕΒΙ.

858 627 1022 679 cum
1057 609 1357 702 propter
1391 604 1573 678 hanc
1606 601 1992 702 perniciem

858 745 1001 796 non
1038 719 1304 796 evitent
1338 719 1774 819 pontificem.

956 837 1095 913 Sed
1130 845 1295 913 ante
1326 836 1525 912 illum
1560 837 1856 911 veniunt

858 962 934 1030 et
966 952 1302 1053 quicquid
1338 953 1483 1054 agit
1518 953 1920 1042 consulunt,

858 1066 993 1143 sibi
1028 1067 1384 1155 locuntur,
1424 1067 1772 1156 serviunt,

859 1206 1025 1258 cum
1059 1207 1147 1258 eo
1182 1189 1459 1280 potant,
1500 1179 1912 1258 comedunt.

956 1302 1457 1375 Verumtamen
1496 1321 1627 1372 uec
1662 1295 1994 1396 proinde,

856 1414 971 1490 vel
1010 1414 1185 1491 dum
1218 1439 1381 1491 esca
1414 1413 1487 1488 in
1522 1437 1826 1514 corpore

858 1529 1239 1620 residebat,
1278 1529 1373 1606 de
1408 1529 1692 1629 presule

860 1670 1004 1721 non
1038 1655 1319 1724 cessant
1352 1647 1800 1722 maledicere.

956 1767 1199 1861 Neque
1234 1762 1599 1861 inceptum
1630 1759 1898 1836 facinus

856 1877 1271 1953 remanebat
1306 1876 1402 1952 ob
1440 1875 1631 1953 aliud

853 1992 992 2068 nisi
1026 1992 1123 2069 ob
1158 1993 1295 2069 hoc
1328 1993 1523 2094 quod
1555 1994 1868 2094 populus

860 2135 1005 2184 non
1038 2109 1227 2185 favet
1259 2112 1517 2187 horum
1552 2109 1853 2186 actibus.

954 2225 1323 2302 Timebant
1358 2226 1550 2301 enim
1586 2250 1979 2326 pauperem

854 2341 1345 2442 minoremque
1380 2342 1832 2442 plebiculam,

858 2483 1041 2556 quae
1077 2459 1359 2534 amabat
1396 2457 1804 2556 pontificem

860 2581 1159 2674 propter
1192 2597 1445 2673 pacem
1480 2582 1550 2648 et
1586 2573 1936 2674 requiem.

958 2689 1068 2767 Ad
1102 2715 1319 2791 quam
1357 2713 1643 2790 semper
1674 2687 2025 2765 laboravit

858 2815 943 2883 ut
973 2806 1241 2882 valeret
1278 2806 1572 2896 institui,

862 2948 995 2999 nec
1028 2923 1227 2998 illum
1260 2946 1603 3019 umquam
1638 2920 1888 2996 dilexit

861 3040 986 3139 qui
1021 3048 1268 3114 contra
1303 3064 1553 3138 paoem
1590 3038 1850 3117 extitit.

958 3162 1260 3255 Propter
1295 3154 1492 3254 quod
1530 3154 1800 3230 bonum
1834 3152 2152 3230 studium

859 3273 1049 3349 hunc
1082 3271 1443 3372 presulem
1477 3270 1848 3370 pacificum

862 3386 1169 3488 majores
1204 3410 1566 3484 nonquam
1602 3384 1904 3486 diligunt

864 3503 1030 3603 quia
1063 3528 1198 3602 pro
1235 3502 1413 3577 velle
1451 3510 1812 3601 nequeunt

958 3618 1148 3715 hunc
1182 3625 1255 3692 et
1290 3616 1485 3691 illum
1520 3616 1866 3715 arripere,

862 3756 1279 3832 comparare
1311 3738 1383 3805 et
1418 3730 1761 3819 vendere,

862 3848 1239 3925 comedere
1272 3856 1346 3923 et
1381 3846 1627 3922 bibere

862 3972 935 4039 et
969 3963 1257 4039 omnino
1294 3987 1742 4039 consumere.

960 4084 1110 4170 Qua
1140 4079 1232 4156 de
1268 4104 1478 4155 causa
1512 4102 1701 4154 nunc
1734 4074 2044 4151 vindicta

863 4204 1156 4293 paratur
1190 4194 1323 4270 sibi
1354 4194 1664 4294 pessima

2473 475 2534 526 ⁴5
