3478 5438
1026 493 1111 546 174
1382 489 1393 500 ⁶
1979 493 2186 546 GESTA

1120 633 1164 702 5
1556 627 1649 704 de
1682 629 2188 704 Premonstrati
2227 629 2478 706 ordine

1458 752 1709 818 notum
1737 769 1830 818 ex
1863 744 2197 843 opinione

1457 857 1778 935 litteralis
1813 859 2146 934 scientiae

1458 971 1531 1048 et
1562 975 1731 1050 fidei
1767 975 2177 1051 catholicae.

1119 1094 1164 1164 6
1554 1081 1932 1166 Electiouis
1961 1092 2236 1168 actibus

1454 1207 1647 1282 favet
1676 1208 2251 1307 archiepiscopus
2293 1236 2310 1282 :

1454 1323 1643 1398 favet
1674 1331 1913 1398 tamen
1949 1323 2084 1398 sub
2117 1324 2378 1400 talibus

997 1535 1001 1538 ²
1454 1463 1698 1515 rerum
1732 1439 2256 1516 conditionibus

1114 1561 1159 1628 ’7
1552 1555 1800 1631 electio
1833 1565 1916 1631 ut
1949 1566 2230 1632 maneat

1452 1679 1527 1746 et
1560 1679 1715 1745 rata
1749 1671 1844 1746 sit
1877 1695 1968 1745 ne
2001 1680 2249 1772 pereat

1454 1787 1515 1862 si
1550 1786 1776 1862 cesari
1811 1788 1947 1862 hoc
1981 1788 2279 1887 placeat,

1450 1927 1615 1978 cum
1652 1903 1806 1978 fieri
1843 1929 1986 1978 non
2022 1904 2254 1979 valeat

1116 2024 1158 2092 8
1548 2019 1684 2094 nisi
1718 2019 1872 2118 ipse
1907 2019 2300 2096 laudaverit

1450 2141 1527 2210 et
1559 2134 1863 2210 electum
1897 2135 2250 2234 receperit

1453 2249 1659 2348 eique
1692 2251 1964 2326 donum
1997 2251 2244 2327 fecerit

1451 2375 1532 2441 ut
1566 2366 1806 2468 regius
1841 2367 2036 2442 mos¹
2076 2367 2326 2469 exigit.

1112 2485 1157 2554 9
1548 2489 1746 2559 Tunc
1779 2483 1882 2557 sic
1918 2483 2099 2558 facta
2131 2483 2380 2558 electio

1450 2624 1491 2672 a
1524 2597 1713 2674 clero
1749 2605 1963 2697 atque
1998 2599 2270 2699 populo

1450 2713 1934 2790 manifestatur
1966 2714 2128 2792 ilico

1450 2829 1587 2929 ipsi
1622 2831 1775 2931 regi
1810 2832 2142 2907 Lothario

1065 2946 1155 3017 lo
1549 2968 1680 3043 per
1718 2945 1988 3045 legatos
2021 2945 2320 3021 idoneos

1451 3058 1635 3134 duos
1670 3060 1966 3136 abbates
1999 3062 2312 3160 optimos

1450 3174 1543 3250 de
1578 3186 1823 3251 sancto
1859 3178 2150 3276 quidem
2187 3176 2533 3255 Autberto

1449 3299 1523 3365 et
1555 3292 1896 3392 sepulcro
1935 3294 2404 3370 sanctissimo.

1062 3406 1139 3477 Μ
1544 3406 1681 3481 Sed
1717 3408 2012 3482 retentis
2047 3408 2444 3497 abbatibuS,

1445 3546 1647 3597 cesar
1684 3524 2304 3599 cameracensibus

1445 3638 1737 3713 mandat
1773 3638 1966 3737 quod
2004 3639 2097 3714 de
2133 3638 2623 3715 claustralibus

1446 3778 1655 3828 nemo
1692 3752 1933 3853 presul
1970 3754 2109 3829 erit
2141 3779 2339 3831 suus·

1058 3866 1151 3944 ⁴2
1456 3860 1463 3866 ⁶
1542 3876 1718 3946 Nam
1755 3871 2024 3971 imponi
2063 3870 2216 3946 vult
2251 3872 2606 3947 neminem

1442 3987 1798 4062 Cameraci
1832 3988 2268 4087 pontificem,
2417 4016 2426 4025 ·

1074 4231 1125 4288 1.
1168 4248 1302 4291 mos.
1336 4231 1497 4291 Dans
1526 4232 1579 4292 le
1608 4250 1718 4293 ms,
1750 4252 1897 4293 mom.
