3478 5438
883 409 977 462 204
1831 409 2038 460 GBSTA

884 545 1029 619 215
1422 548 1599 618 Ecce
1634 541 1906 640 presul,
1945 543 2208 639 Symon
2249 566 2534 640 quoque

1321 665 1396 732 et
1430 655 1553 754 qui
1588 655 1798 731 simul
1833 655 2098 732 affuere

1323 771 1593 847 seducti
1630 780 1795 846 sunt
1831 779 2072 871 empta
2105 797 2282 870 pace

1322 911 1538 986 quam
1574 886 1874 962 dederat
1906 891 2093 964 Deus
2129 897 2388 963 terrae.

885 1007 1029 1082 216
1422 1003 1739 1078 Gerardo
1775 1027 2082 1103 namque
2117 1015 2402 1080 mortuo

1322 1119 1790 1194 descenderat
1825 1145 1966 1220 pax
2003 1121 2094 1195 de
2129 1121 2284 1196 celo

1321 1244 1399 1309 et
1431 1236 1714 1334 requies
1749 1235 1822 1309 in
1859 1235 2125 1335 populo

1321 1375 1575 1450 presso
1610 1351 1764 1450 ejus
1799 1349 2138 1425 dominio.

886 1468 1031 1541 217
1422 1465 1725 1540 Infantes
1763 1490 1937 1566 ergo
1973 1467 2264 1542 minime

1322 1605 1609 1656 necesse
1646 1587 1802 1654 erat
1837 1581 2142 1656 reddere

1326 1700 1719 1796 composita
1757 1721 1940 1771 nova
1977 1722 2153 1796 pace

1324 1837 1457 1911 per
1492 1821 1855 1888 auctorem
1879 1813 2226 1912 justiciae.

1316 2055 1443 2120 De
1488 2054 1753 2121 morte
1797 2053 2069 2138 men
2115 2055 2218 2123 de
2263 2053 2570 2123 Cinnio.

892 2270 1037 2345 218
1428 2272 1611 2342 Dum
1647 2269 1750 2343 sic
1785 2271 2018 2369 agitur
2049 2270 2240 2369 apud
2271 2294 2430 2357 noe,

1328 2384 1583 2482 plurali
1620 2385 1845 2460 fertur
1881 2384 2130 2460 nuntio

1331 2500 1526 2598 quod
1564 2501 1782 2576 Gilius
1816 2500 1909 2575 de
1945 2499 2190 2575 Ginnio

1330 2617 1687 2692 mortuus¹
1730 2626 1842 2691 est
1877 2616 1947 2689 in
1983 2615 2286 2691 wrn102.

968 2823 1018 2879 1.
1060 2822 1223 2879 Dans
1251 2822 1304 2881 le
1329 2839 1439 2880 ms.
1472 2839 1549 2880 on
1580 2824 1647 2880 lit.
1669 2825 1980 2881 eu-dessus
2007 2824 2080 2881 de
2110 2822 2165 2881 la
2192 2820 2348 2895 ligne
2381 2840 2394 2879 :
2424 2828 2507 2879 vel
2535 2829 2782 2879 necatus.

966 2910 1017 2967 2.
1060 2909 1229 2968 Voici
1254 2927 1353 2967 sur
1382 2910 1439 2969 le
1464 2919 1616 2969 mort
1641 2911 1713 2969 de
1735 2910 1918 2968 Gillee
1945 2910 2018 2967 de
2037 2910 2185 2967 Ghin
2215 2926 2330 2967 une
2357 2909 2587 2967 version
2614 2909 2914 2967 differente
2941 2906 3010 2965 de

896 2998 1039 3056 celle
1064 2998 1137 3056 de
1166 2998 1391 3057 Gilhert
1412 3001 1483 3058 de
1516 3000 1705 3071 Mons,
1736 3000 1837 3075 qui
1864 3001 1954 3056 dit
1991 3016 2102 3075 que
2138 2998 2192 3057 le
2217 2996 2450 3077 ‘celebre
2477 2998 2766 3057 chevalier
2801 2998 2892 3054 fut
2917 3000 3012 3055 tue

896 3092 963 3143 in
988 3090 1235 3159 quadam
1261 3104 1469 3159 quma
1486 3106 1659 3159 quam
1676 3106 1804 3145 cum
1823 3092 1958 3145 duce
1978 3092 2304 3145 Lovaniensi
2332 3088 2562 3144 habebat
2579 3104 2751 3144 comes
2769 3088 3012 3143 Namur·

898 3179 1071 3232 censis
1108 3174 1371 3249 (Gisleh.‚
1411 3195 1468 3251 p.
1516 3177 1662 3247 507).
1711 3176 1798 3235 La
1842 3177 2160 3251 chronique
2197 3176 2272 3233 de
2313 3174 2640 3234 Gembloux
2679 3177 2840 3251 parle
2879 3178 2918 3234 ὀ,
2960 3176 3014 3233 la

898 3262 1079 3321 verite
1106 3264 1279 3322 d'une
1306 3282 1511 3338 guerre
1538 3267 1638 3341 qui
1666 3268 1850 3325 ecleta
1877 3274 2041 3323 entre
2068 3282 2164 3324 ces
2190 3266 2344 3323 deux
2371 3265 2599 3339 princes
2625 3280 2702 3322 en
2729 3266 2888 3336 1136,
2907 3265 3015 3323 ala

898 3352 1051 3409 suite
1086 3352 1159 3410 de
1193 3353 1500 3411 differenda
1537 3355 1939 3412 relativement
1983 3354 2020 3411 ὸ.
2065 3353 2348 3413 Ρόιοοιίοῐι
2383 3354 2456 3411 de
2503 3353 2688 3411 l’abbe
2729 3354 2801 3410 de
2837 3354 3013 3412 Gem-

898 3440 1073 3499 bloux
1123 3440 1435 3516 (sigebert.
1494 3444 1717 3501 Contin.
1779 3446 2068 3511 Gemblac„
2129 3462 2187 3517 p.
2239 3444 2394 3515 385);
2453 3443 2604 3499 mais
2647 3458 2726 3499 on
2775 3458 2852 3500 ne
2899 3442 3018 3500 voit

900 3546 1004 3603 pas
1050 3538 1343 3589 comment
1387 3531 1570 3589 Gillee
1614 3531 1687 3590 de
1733 3532 1887 3589 Chin
1932 3548 1968 3589 a
2013 3550 2092 3605 pu
2139 3536 2260 3588 etre
2306 3532 2458 3588 mele
2505 3532 2540 3587 a
2587 3538 2737 3589 cette
2791 3547 3011 3604 guerre.

900 3620 985 3678 Le
1025 3636 1225 3677 roman
1269 3637 1344 3679 en
1386 3638 1515 3679 vers
1550 3620 1623 3680 de
1666 3622 1848 3678 Gilles
1884 3621 1955 3678 de
1991 3622 2142 3679 Ghin
2187 3622 2243 3679 le
2287 3620 2390 3679 fait
2423 3622 2646 3679 mourir
2691 3620 2828 3677 d’un
2869 3636 3014 3692 coup

902 3708 973 3766 de
1018 3708 1183 3766 lance
1229 3710 1265 3766 ὲ
1306 3710 1639 3769 Rollecourt
1682 3726 1756 3767 ou
1795 3711 2117 3782 Roucoum
2169 3712 2298 3785 pres
2337 3710 2526 3769 Donni
2571 3708 2688 3782 (ed.
2731 3708 2804 3767 de
2851 3709 3017 3767 Reif-

902 3796 1167 3871 fenberg‚
1205 3816 1261 3872 p.
1307 3798 1429 3872 187,
1468 3816 1524 3857 v.
1568 3799 1707 3857 5512
1747 3800 1942 3872 suiv.),
1973 3807 2033 3857 et.
2068 3800 2208 3859 c’est
2243 3800 2399 3857 aussi
2441 3814 2506 3857 ce
2541 3814 2718 3871 genre
2758 3796 2832 3854 de
2868 3804 3018 3855 mort

904 3886 1235 3961 qu’indique
1274 3886 1581 3961 l’epitaphe
1627 3888 1822 3962 placee
1869 3905 1970 3945 sur
2010 3888 2065 3946 le
2109 3888 2375 3945 tombeau
2420 3886 2490 3945 de
2529 3885 2710 3943 Gilles
2751 3886 2788 3943 a
2821 3887 3014 3944 Saint-

904 3975 1175 4034 Guislain
1206 3978 1407 4050 (comp.
1438 3977 1570 4050 plus
1598 3977 1699 4035 bas
1728 3977 1786 4035 la
1812 3984 1947 4036 note
1975 3977 2168 4047 euim).
2209 3976 2382 4033 Enfln
2420 3974 2662 4033 l’auteur
2695 3974 2776 4031 du
2815 3989 3010 4032 roman

906 4080 979 4123 en
1006 4081 1193 4139 prose,
1224 4064 1419 4138 public
1448 4082 1549 4138 par
1576 4066 1798 4124 Chalon
1829 4069 1922 4138 (La
1947 4068 2262 4136 chronique
2279 4068 2354 4122 du
2377 4067 2483 4121 bon
2501 4066 2776 4121 chevalier
2793 4066 3015 4120 messit-e

908 4158 1072 4213 Gilles
1099 4156 1163 4211 de
1192 4155 1352 4219 Chin,
1386 4155 1575 4227 Mons,
1608 4154 1767 4224 1837,
1799 4154 1986 4225 in-8⁰‚
2017 4171 2072 4227 p.
2109 4154 2252 4223 193),
2295 4152 2380 4210 dit
2419 4152 2560 4225 qu'il
2585 4160 2822 4209 mourut
2845 4150 3013 4221 d’une

910 4248 1087 4301 moult
1112 4251 1283 4314 arant
1311 4247 1488 4315 Mure,
1526 4251 1575 4299 et
1602 4260 1723 4314 ossy
1749 4259 1896 4314 pour
1924 4247 1998 4299 les
2025 4260 2200 4313 qrans
2239 4258 2361 4313 σομε
2397 4250 2446 4297 ει
2487 4256 2788 4297 navt-eures
2827 4258 2933 4311 quo
2971 4242 3012 4295 il
