3478 5438
448 845 592 920 275

446 1302 591 1377 276

452 1768 596 1840 277

452 2225 595 2301 278

455 2692 599 2768 279

458 3152 601 3226 280

462 3615 589 3688 284

464 4077 609 4149 282

1351 476 1632 529 mcum.
1667 541 1672 547 .

879 618 1040 685 ante
1075 612 1438 686 affirmans
1472 635 1728 709 capere

883 750 1099 824 quam
1136 724 1394 800 debeat
1426 725 1818 801 discedere.

982 839 1091 915 Ad
1126 841 1404 915 comitis
1440 841 1694 915 auxilia

881 964 956 1029 et
990 953 1506 1054 prosternenda
1541 956 1776 1032 menia

881 1069 1117 1170 pergit
1151 1069 1289 1143 leta
1323 1069 1475 1144 sine
1511 1096 1713 1146 mora

882 1186 1235 1260 Cameraci
1276 1186 1701 1262 communia.

980 1305 1409 1376 Precurrunt
1440 1326 1615 1375 vero
1650 1301 1886 1379 faciles

885 1417 1449 1492 communierum
1485 1417 1764 1515 pedites

887 1534 978 1608 ad
1016 1533 1383 1621 assultum,
1425 1533 1836 1609 estimantes

886 1648 1178 1723 introire
1211 1648 1575 1723 velociter.

990 1764 1337 1863 Oppidani
1373 1789 1451 1839 se
1485 1763 1877 1840 defendunt

885 1880 1304 1980 peditesque
1325 1878 1442 1953 sic
1474 1879 1825 1978 repellunt

885 1994 1080 2094 quod
1115 1994 1459 2069 vulnerati
1497 1994 1777 2093 fugiunt

889 2117 1102 2206 atque
1139 2107 1409 2181 confusi
1447 2107 1772 2182 redeunt.

990 2225 1381 2321 Gomesque
1414 2222 1669 2297 Montis
1704 2231 1999 2312 remeat,

890 2338 1009 2438 qui
1046 2338 1461 2437 priusquam
1498 2345 1811 2414 castrum
1846 2338 2052 2413 cadat

891 2461 1014 2529 aut
1049 2477 1144 2527 se·
1161 2453 1427 2528 victum
1461 2453 1650 2527 ultro
1687 2451 1942 2527 reddat

893 2595 1035 2646 non
1072 2568 1306 2644 redire
1333 2569 1725 2669 juraverat.

991 2692 1097 2763 Ex
1132 2686 1270 2760 hoc
1303 2684 1503 2759 initio
1538 2684 1705 2759 mali

891 2802 1087 2901 quod
1122 2800 1566 2876 ostenderint
1600 2802 1888 2899 Symcni

892 2942 1157 3006 comes,
1196 2916 1387 2991 cives
1423 2917 1784 2992 Gameraci

891 3058 1186 3134 possum
1223 3032 1514 3106 restem-e
1550 3032 1817 3106 nemini

994 3156 1339 3248 quantum
1375 3152 1637 3248 Symon
1676 3148 2162 3246 perturbatur,

897 3271 1240 3362 quantum
1276 3262 1442 3337 inde
1476 3262 1828 3349 irascitur,

896 3405 985 3456 eo
1020 3379 1212 3478 quod
1251 3378 1342 3453 ab
1376 3377 1784 3453 hominibus

898 3495 1021 3594 qui
1057 3495 1167 3571 sui
1203 3501 1369 3570 sunt
1404 3493 1787 3583 invaditur,

995 3610 1201 3710 culpa
1236 3635 1361 3684 sua
1400 3610 1718 3685 nondum
1753 3620 1946 3700 nota,

898 3729 1079 3802 facta
1114 3726 1419 3801 necdum
1456 3725 1733 3826 injuria,

897 3865 1028 3918 nec
1062 3841 1336 3916 ratione
1374 3840 1656 3939 prodita

898 3981 1026 4031 cur
1061 3955 1364 4031 inferant
1398 3957 1464 4030 ei
1497 3957 1703 4031 mala.

1002 4075 1263 4170 Symon
1303 4081 1539 4145 tamen
1577 4072 1822 4148 dolens
1859 4072 1990 4147 sibi

903 4188 1168 4261 amicos
1204 4188 1445 4261 hostes
1479 4188 1631 4261 fieri

2457 480 2549 532 213
