3478 5438
970 436 1032 488 98
1927 433 2130 490 (usn

1404 567 1528 666 qui
1564 565 1655 642 de
1690 591 1822 644 suo
1855 565 2142 666 negotio

1403 681 1783 780 loquantur
1819 679 2242 780 apostolico¹
2257 735 2275 759 .

971 801 1099 872 561
1504 803 1697 872 Unus
1728 821 1820 872 ex
1855 797 1989 872 illis
2023 795 2288 872 nuntiis

1406 911 1538 986 fuit
1574 911 1954 988 Galoherus
1991 911 2270 1002 nobilis,

1405 1049 1713 1124 persona
1747 1025 2170 1124 venerabilis

1406 1147 1481 1214 et
1514 1141 1731 1216 affatu
1765 1138 2156 1216 laudabilis.

974 1261 1117 1338 562
1504 1256 1631 1332 Hic
1666 1255 1759 1332 de
1795 1256 1986 1357 regis
2022 1254 2460 1356 profectibus

1408 1395 1541 1470 pre
1576 1370 1721 1446 suis
1755 1370 2252 1448 consodalibus

1408 1487 1673 1592 Paseali
1707 1513 1934 1588 papae
1969 1487 2283 1586 loquitur

1409 1611 1483 1678 et
1515 1611 1813 1702 paterne
1848 1603 2216 1703 recipitur.

976 1723 1117 1796 563
1422 1780 1427 1788 .
1509 1723 1734 1810 Quem
1767 1719 1842 1794 in
1877 1719 2008 1796 hae
2041 1719 2388 1821 legatione

1412 1836 1599 1935 oepit
1633 1860 1822 1934 papa
1855 1834 2176 1936 diligere,

1411 1951 1736 2026 venerari
1771 1959 1846 2024 et
1879 1949 2144 2027 habere

1411 2091 1549 2168 pro
1584 2067 1884 2165 sapienti
1918 2067 2233 2142 homine.

977 2181 1122 2258 564
1510 2182 1649 2258 Sed
1686 2191 1932 2281 preter
1969 2180 2345 2256 secretaria

1412 2321 1594 2396 quae
1631 2297 2010 2372 Galoherus
2045 2297 2464 2385 contulerat,

1415 2411 1506 2488 de
1540 2437 1619 2488 se
1654 2413 1816 2511 ipso
1850 2437 2006 2488 rem
2041 2413 2322 2488 intimat

1414 2553 1557 2628 que
1593 2531 1831 2628 ipsum
1868 2530 2298 2627 deposuerat

978 2647 1123 2721 565
1512 2643 1755 2718 Refert
1789 2643 1980 2718 enim
2013 2668 2146 2743 per
2179 2642 2508 2718 ordinem

1412 2758 1583 2834 oleri
1617 2758 2029 2857 plebisque²
2064 2758 2352 2834 rabiem·

1415 2898 1631 2973 quam
1665 2882 1915 2949 eontra
1949 2874 2146 2949 illum
2182 2878 2476 2973 egerant

1414 2998 1715 3089 propter
1750 2989 1945 3089 pacis
1971 2988 2355 3089 justiciam.

980 3106 1123 3178 566
1511 3110 1687 3180 Nam
1724 3106 1892 3203 quia
1925 3130 2178 3203 paoem
2209 3104 2474 3179 fecerat

1418 3228 1492 3294 et
1526 3221 1876 3319 superbos
1912 3228 2353 3319 represserat

1416 3340 1492 3408 et
1523 3342 1850 3432 raptores
1884 3335 2254 3435 fugaverat

1051 3554 1103 3609 1.
1144 3550 1256 3611 Les
1281 3550 1544 3611 Annales
1570 3552 2063 3629 contemporaines
2089 3559 2394 3612 nommant
2417 3552 2707 3625 hederis,
2738 3550 3094 3627 archeveque

978 3639 1051 3698 de
1070 3640 1351 3715 colosum
1382 3640 1643 3715 Bruma,
1674 3642 2032 3716 archeveque
2061 3642 2132 3699 de
2149 3642 2388 3712 'Brevem
2420 3640 2476 3699 le
2501 3638 2829 3701 chaneelier
2843 3640 2919 3699 de
2937 3640 3098 3698 l'em-

976 3729 1102 3803 pire
1128 3728 1409 3788 Adalbert
1446 3736 1506 3789 et
1539 3731 1595 3789 le
1632 3738 1821 3789 comte
1849 3730 2108 3789 Herman
2148 3730 2222 3789 de
2249 3730 2670 3805 Vinkenbourg
2697 3730 2928 3805 (annal.
2969 3731 3095 3787 Hil-

978 3819 1257 3885 danaim„
1291 3836 1346 3893 p.
1382 3819 1526 3891 112).
1556 3818 1609 3877 Il
1638 3826 1727 3877 est
1757 3836 1864 3893 peu
1893 3817 2162 3894 prohahle
2189 3836 2302 3894 que
2323 3818 2589 3877 Gaueher
2609 3819 2747 3893 joua
2773 3817 2920 3877 dans
2947 3824 3093 3877 cette

980 3906 1317 3965 ambassada
1365 3905 1419 3964 le
1466 3907 1584 3965 role
1632 3908 2054 3984 preponderant
2097 3925 2208 3983 que
2255 3907 2337 3965 lui
2391 3910 2550 3983 prete
2595 3916 2762 3965 notre
2803 3920 3093 3981 anonyme

976 4000 1185 4069 (comp.
1233 3999 1333 4051 str.
1374 3995 1501 4071 562,
1538 3995 1683 4069 564).
1718 3995 1768 4052 Il
1797 4002 1887 4053 est
1913 3996 2162 4069 possible
2201 3994 2526 4071 oependant
2551 3994 2690 4070 qu'il
2713 4012 2756 4070 y
2780 3996 2864 4053 ait
2889 3992 3090 4067 templi

976 4081 1129 4141 celui
1157 4080 1461 4141 d’orateur.

1046 4170 1099 4228 2.
1132 4172 1429 4243 plebisque.
1466 4170 1621 4231 Dans
1649 4173 1703 4231 le
1730 4190 1840 4231 ms.
1874 4176 2164 4245 bechi-sque.
