<?xml version="1.0" encoding="UTF-8"?>
<!DOCTYPE html PUBLIC "-//W3C//DTD XHTML 1.0 Transitional//EN"
    "http://www.w3.org/TR/xhtml1/DTD/xhtml1-transitional.dtd">
<html xmlns="http://www.w3.org/1999/xhtml" xml:lang="en" lang="en">
 <head>
  <title>
</title>
<meta http-equiv="Content-Type" content="text/html;charset=utf-8" />
  <meta name='ocr-system' content='tesseract 3.04.00' />
  <meta name='ocr-capabilities' content='ocr_page ocr_carea ocr_par ocr_line ocrx_word'/>
</head>
<body>
  <div class='ocr_page' id='page_1' title='image "./gestesdesvquesd01unkngoog_0157.png"; bbox 0 0 3478 5438; ppageno 0'>
   <div class='ocr_carea' id='block_1_1' title="bbox 1277 501 2499 560">
    <p class='ocr_par' dir='ltr' id='par_1_1' title="bbox 1277 501 2499 560">
     <span class='ocr_line' id='line_1_1' title="bbox 1277 501 2499 560; baseline 0.005 -6"><span class='ocrx_word' id='word_1_1' title='bbox 1277 501 1616 555; x_wconf 69' lang='lat' dir='ltr'><strong>mmmm.</strong></span> <span class='ocrx_word' id='word_1_2' title='bbox 2412 507 2499 560; x_wconf 64' lang='lat' dir='ltr'><strong>10ss</strong></span> 
     </span>
    </p>
   </div>
   <div class='ocr_carea' id='block_1_2' title="bbox 392 633 2293 3391">
    <p class='ocr_par' dir='ltr' id='par_1_2' title="bbox 392 633 1845 1081">
     <span class='ocr_line' id='line_1_2' title="bbox 392 633 1775 712; baseline 0.003 -4"><span class='ocrx_word' id='word_1_3' title='bbox 392 638 522 709; x_wconf 84' lang='grc'><strong>591</strong></span> <span class='ocrx_word' id='word_1_4' title='bbox 929 634 1106 710; x_wconf 84' lang='lat' dir='ltr'><strong>Hine</strong></span> <span class='ocrx_word' id='word_1_5' title='bbox 1139 633 1404 709; x_wconf 79' lang='lat' dir='ltr'><strong>adeunt</strong></span> <span class='ocrx_word' id='word_1_6' title='bbox 1436 633 1775 712; x_wconf 82' lang='lat' dir='ltr'><strong>velociter</strong></span> 
     </span>
     <span class='ocr_line' id='line_1_3' title="bbox 831 749 1644 849; baseline 0.002 -26"><span class='ocrx_word' id='word_1_7' title='bbox 831 773 1094 849; x_wconf 77' lang='lat' dir='ltr'><strong>papam</strong></span> <span class='ocrx_word' id='word_1_8' title='bbox 1123 749 1644 849; x_wconf 69' lang='lat' dir='ltr'><strong>presentialiter</strong></span> 
     </span>
     <span class='ocr_line' id='line_1_4' title="bbox 832 863 1845 964; baseline 0.002 -24"><span class='ocrx_word' id='word_1_9' title='bbox 832 889 1048 964; x_wconf 89' lang='lat' dir='ltr'><strong>quem</strong></span> <span class='ocrx_word' id='word_1_10' title='bbox 1083 863 1536 962; x_wconf 79' lang='lat' dir='ltr'><strong>alloquuntur</strong></span> <span class='ocrx_word' id='word_1_11' title='bbox 1569 865 1845 942; x_wconf 80' lang='lat' dir='ltr'><strong>duriter</strong></span> 
     </span>
     <span class='ocr_line' id='line_1_5' title="bbox 831 979 1821 1081; baseline 0.001 -26"><span class='ocrx_word' id='word_1_12' title='bbox 831 988 904 1055; x_wconf 86' lang='lat' dir='ltr'><strong>et</strong></span> <span class='ocrx_word' id='word_1_13' title='bbox 937 979 1472 1078; x_wconf 84' lang='lat' dir='ltr'><strong>reprehendunt</strong></span> <span class='ocrx_word' id='word_1_14' title='bbox 1505 983 1821 1081; x_wconf 80' lang='lat' dir='ltr'><strong>graviter</strong></span> 
     </span>
    </p>

    <p class='ocr_par' dir='ltr' id='par_1_3' title="bbox 398 1095 1798 1541">
     <span class='ocr_line' id='line_1_6' title="bbox 398 1095 1798 1195; baseline 0 -23"><span class='ocrx_word' id='word_1_15' title='bbox 398 1097 540 1172; x_wconf 74' lang='lat'><strong>592</strong></span> <span class='ocrx_word' id='word_1_16' title='bbox 931 1095 1022 1170; x_wconf 92' lang='lat' dir='ltr'><strong>de</strong></span> <span class='ocrx_word' id='word_1_17' title='bbox 1054 1096 1194 1175; x_wconf 81' lang='lat' dir='ltr'><strong>hoe</strong></span> <span class='ocrx_word' id='word_1_18' title='bbox 1226 1105 1434 1195; x_wconf 78' lang='lat' dir='ltr'><strong>pacto</strong></span> <span class='ocrx_word' id='word_1_19' title='bbox 1469 1097 1798 1188; x_wconf 83' lang='lat' dir='ltr'><strong>mirifico,</strong></span> 
     </span>
     <span class='ocr_line' id='line_1_7' title="bbox 831 1209 1563 1311; baseline -0.001 -25"><span class='ocrx_word' id='word_1_20' title='bbox 831 1209 1156 1299; x_wconf 77' lang='lat' dir='ltr'><strong>terribili,</strong></span> <span class='ocrx_word' id='word_1_21' title='bbox 1198 1210 1563 1311; x_wconf 80' lang='lat' dir='ltr'><strong>sacrilege,</strong></span> 
     </span>
     <span class='ocr_line' id='line_1_8' title="bbox 833 1324 1742 1424; baseline 0.003 -24"><span class='ocrx_word' id='word_1_22' title='bbox 833 1325 1027 1424; x_wconf 88' lang='lat' dir='ltr'><strong>quod</strong></span> <span class='ocrx_word' id='word_1_23' title='bbox 1061 1324 1224 1400; x_wconf 77' lang='lat' dir='ltr'><strong>feeit</strong></span> <span class='ocrx_word' id='word_1_24' title='bbox 1257 1347 1424 1401; x_wconf 77' lang='lat' dir='ltr'><strong>eum</strong></span> <span class='ocrx_word' id='word_1_25' title='bbox 1457 1327 1742 1403; x_wconf 82' lang='lat' dir='ltr'><strong>diabolo</strong></span> 
     </span>
     <span class='ocr_line' id='line_1_9' title="bbox 833 1441 1674 1541; baseline 0.005 -27"><span class='ocrx_word' id='word_1_26' title='bbox 833 1465 968 1540; x_wconf 85' lang='lat' dir='ltr'><strong>pro</strong></span> <span class='ocrx_word' id='word_1_27' title='bbox 1003 1441 1262 1515; x_wconf 81' lang='lat' dir='ltr'><strong>timore</strong></span> <span class='ocrx_word' id='word_1_28' title='bbox 1295 1465 1674 1541; x_wconf 74' lang='lat' dir='ltr'><strong>corporeo.</strong></span> 
     </span>
    </p>

    <p class='ocr_par' dir='ltr' id='par_1_4' title="bbox 402 1558 2067 2008">
     <span class='ocr_line' id='line_1_10' title="bbox 402 1558 2067 1658; baseline 0.001 -25"><span class='ocrx_word' id='word_1_29' title='bbox 402 1561 543 1634; x_wconf 82' lang='lat'><strong>593</strong></span> <span class='ocrx_word' id='word_1_30' title='bbox 933 1558 1410 1633; x_wconf 75' lang='lat' dir='ltr'><strong>Dehonestant</strong></span> <span class='ocrx_word' id='word_1_31' title='bbox 1444 1582 1706 1658; x_wconf 80' lang='lat' dir='ltr'><strong>papam</strong></span> <span class='ocrx_word' id='word_1_32' title='bbox 1742 1559 2067 1646; x_wconf 80' lang='lat' dir='ltr'><strong>multum,</strong></span> 
     </span>
     <span class='ocr_line' id='line_1_11' title="bbox 833 1673 1973 1774; baseline 0.003 -27"><span class='ocrx_word' id='word_1_33' title='bbox 833 1680 1067 1748; x_wconf 74' lang='lat' dir='ltr'><strong>totum</strong></span> <span class='ocrx_word' id='word_1_34' title='bbox 1102 1673 1441 1748; x_wconf 78' lang='lat' dir='ltr'><strong>damnant</strong></span> <span class='ocrx_word' id='word_1_35' title='bbox 1473 1675 1626 1774; x_wconf 84' lang='lat' dir='ltr'><strong>ejus</strong></span> <span class='ocrx_word' id='word_1_36' title='bbox 1660 1683 1973 1773; x_wconf 79' lang='lat' dir='ltr'><strong>pactum,</strong></span> 
     </span>
     <span class='ocr_line' id='line_1_12' title="bbox 837 1787 1738 1890; baseline 0.002 -28"><span class='ocrx_word' id='word_1_37' title='bbox 837 1787 1258 1887; x_wconf 84' lang='lat' dir='ltr'><strong>dirumpunt</strong></span> <span class='ocrx_word' id='word_1_38' title='bbox 1294 1789 1738 1890; x_wconf 80' lang='lat' dir='ltr'><strong>privilegium</strong></span> 
     </span>
     <span class='ocr_line' id='line_1_13' title="bbox 838 1905 1881 2008; baseline 0.003 -28"><span class='ocrx_word' id='word_1_39' title='bbox 838 1905 1034 2006; x_wconf 89' lang='lat' dir='ltr'><strong>quod</strong></span> <span class='ocrx_word' id='word_1_40' title='bbox 1068 1916 1327 1981; x_wconf 80' lang='lat' dir='ltr'><strong>voeant</strong></span> <span class='ocrx_word' id='word_1_41' title='bbox 1360 1907 1881 2008; x_wconf 82' lang='lat' dir='ltr'><strong>pravilegium¹.</strong></span> 
     </span>
    </p>

    <p class='ocr_par' dir='ltr' id='par_1_5' title="bbox 404 2020 1759 2470">
     <span class='ocr_line' id='line_1_14' title="bbox 404 2020 1691 2121; baseline 0 -25"><span class='ocrx_word' id='word_1_42' title='bbox 404 2020 549 2097; x_wconf 70' lang='lat'><strong>594</strong></span> <span class='ocrx_word' id='word_1_43' title='bbox 935 2027 1058 2098; x_wconf 81' lang='lat' dir='ltr'><strong>Est</strong></span> <span class='ocrx_word' id='word_1_44' title='bbox 1095 2023 1332 2120; x_wconf 77' lang='lat' dir='ltr'><strong>itaque</strong></span> <span class='ocrx_word' id='word_1_45' title='bbox 1367 2021 1691 2121; x_wconf 80' lang='lat' dir='ltr'><strong>deposita</strong></span> 
     </span>
     <span class='ocr_line' id='line_1_15' title="bbox 839 2137 1724 2237; baseline 0.001 -26"><span class='ocrx_word' id='word_1_46' title='bbox 839 2137 1012 2212; x_wconf 80' lang='lat' dir='ltr'><strong>haee</strong></span> <span class='ocrx_word' id='word_1_47' title='bbox 1046 2137 1282 2237; x_wconf 83' lang='lat' dir='ltr'><strong>pactio</strong></span> <span class='ocrx_word' id='word_1_48' title='bbox 1317 2137 1724 2212; x_wconf 80' lang='lat' dir='ltr'><strong>mortifera²</strong></span> 
     </span>
     <span class='ocr_line' id='line_1_16' title="bbox 846 2253 1759 2330; baseline 0 -2"><span class='ocrx_word' id='word_1_49' title='bbox 846 2262 920 2328; x_wconf 83' lang='lat' dir='ltr'><strong>et</strong></span> <span class='ocrx_word' id='word_1_50' title='bbox 952 2253 1126 2328; x_wconf 85' lang='lat' dir='ltr'><strong>item</strong></span> <span class='ocrx_word' id='word_1_51' title='bbox 1158 2254 1759 2330; x_wconf 76' lang='lat' dir='ltr'><strong>excommunicat⁸</strong></span> 
     </span>
     <span class='ocr_line' id='line_1_17' title="bbox 841 2368 1749 2470; baseline 0 -28"><span class='ocrx_word' id='word_1_52' title='bbox 841 2393 1084 2470; x_wconf 85' lang='lat' dir='ltr'><strong>regem</strong></span> <span class='ocrx_word' id='word_1_53' title='bbox 1121 2369 1354 2443; x_wconf 78' lang='lat' dir='ltr'><strong>omnis</strong></span> <span class='ocrx_word' id='word_1_54' title='bbox 1389 2368 1749 2445; x_wconf 77' lang='lat' dir='ltr'><strong>aeeclesia.</strong></span> 
     </span>
    </p>

    <p class='ocr_par' dir='ltr' id='par_1_6' title="bbox 408 2483 1813 2931">
     <span class='ocr_line' id='line_1_18' title="bbox 408 2483 1779 2584; baseline -0.001 -24"><span class='ocrx_word' id='word_1_55' title='bbox 408 2490 550 2560; x_wconf 80' lang='lat'><strong>595</strong></span> <span class='ocrx_word' id='word_1_56' title='bbox 939 2489 1118 2560; x_wconf 83' lang='lat' dir='ltr'><strong>Eece</strong></span> <span class='ocrx_word' id='word_1_57' title='bbox 1153 2509 1340 2583; x_wconf 81' lang='lat' dir='ltr'><strong>papa</strong></span> <span class='ocrx_word' id='word_1_58' title='bbox 1372 2483 1590 2584; x_wconf 85' lang='lat' dir='ltr'><strong>digno</strong></span> <span class='ocrx_word' id='word_1_59' title='bbox 1619 2484 1779 2584; x_wconf 85' lang='lat' dir='ltr'><strong>jure</strong></span> 
     </span>
     <span class='ocr_line' id='line_1_19' title="bbox 845 2597 1657 2696; baseline -0.002 -23"><span class='ocrx_word' id='word_1_60' title='bbox 845 2599 1262 2674; x_wconf 83' lang='lat' dir='ltr'><strong>ooheroetur</strong></span> <span class='ocrx_word' id='word_1_61' title='bbox 1298 2597 1657 2696; x_wconf 86' lang='lat' dir='ltr'><strong>deponere</strong></span> 
     </span>
     <span class='ocr_line' id='line_1_20' title="bbox 844 2713 1708 2815; baseline -0.003 -25"><span class='ocrx_word' id='word_1_62' title='bbox 844 2713 1222 2815; x_wconf 78' lang='lat' dir='ltr'><strong>episcopos</strong></span> <span class='ocrx_word' id='word_1_63' title='bbox 1255 2713 1379 2812; x_wconf 90' lang='lat' dir='ltr'><strong>qui</strong></span> <span class='ocrx_word' id='word_1_64' title='bbox 1409 2713 1502 2788; x_wconf 88' lang='lat' dir='ltr'><strong>de</strong></span> <span class='ocrx_word' id='word_1_65' title='bbox 1538 2737 1708 2814; x_wconf 83' lang='lat' dir='ltr'><strong>rege</strong></span> 
     </span>
     <span class='ocr_line' id='line_1_21' title="bbox 843 2830 1813 2931; baseline -0.002 -26"><span class='ocrx_word' id='word_1_66' title='bbox 843 2830 1085 2931; x_wconf 78' lang='lat' dir='ltr'><strong>vir-gas</strong></span> <span class='ocrx_word' id='word_1_67' title='bbox 1122 2830 1274 2904; x_wconf 78' lang='lat' dir='ltr'><strong>ausi</strong></span> <span class='ocrx_word' id='word_1_68' title='bbox 1305 2840 1471 2904; x_wconf 85' lang='lat' dir='ltr'><strong>sunt</strong></span> <span class='ocrx_word' id='word_1_69' title='bbox 1506 2854 1813 2904; x_wconf 83' lang='lat' dir='ltr'><strong>sumere.</strong></span> 
     </span>
    </p>

    <p class='ocr_par' dir='ltr' id='par_1_7' title="bbox 411 2943 2293 3391">
     <span class='ocr_line' id='line_1_22' title="bbox 411 2943 2195 3045; baseline -0.001 -23"><span class='ocrx_word' id='word_1_70' title='bbox 411 2950 553 3022; x_wconf 78' lang='lat'><strong>596</strong></span> <span class='ocrx_word' id='word_1_71' title='bbox 943 2951 1098 3021; x_wconf 89' lang='lat' dir='ltr'><strong>Non</strong></span> <span class='ocrx_word' id='word_1_72' title='bbox 1134 2943 1358 3019; x_wconf 87' lang='lat' dir='ltr'><strong>multo</strong></span> <span class='ocrx_word' id='word_1_73' title='bbox 1393 2952 1560 3045; x_wconf 82' lang='lat' dir='ltr'><strong>post</strong></span> <span class='ocrx_word' id='word_1_74' title='bbox 1591 2943 1779 3019; x_wconf 84' lang='lat' dir='ltr'><strong>huno</strong></span> <span class='ocrx_word' id='word_1_75' title='bbox 1811 2944 2195 3021; x_wconf 80' lang='lat' dir='ltr'><strong>terminum</strong></span> 
     </span>
     <span class='ocr_line' id='line_1_23' title="bbox 845 3046 2293 3159; baseline -0.004 -22"><span class='ocrx_word' id='word_1_76' title='bbox 845 3060 1176 3159; x_wconf 76' lang='lat' dir='ltr'><strong>deposuit</strong></span> <span class='ocrx_word' id='word_1_77' title='bbox 1207 3060 1624 3158; x_wconf 79' lang='lat' dir='ltr'><strong>episcopum</strong></span> <span class='ocrx_word' id='word_1_78' title='bbox 2108 3046 2113 3051; x_wconf 51' lang='grc'>”</span> <span class='ocrx_word' id='word_1_79' title='bbox 2291 3062 2293 3064; x_wconf 72' lang='grc'><strong><em>’</em></strong></span> 
     </span>
     <span class='ocr_line' id='line_1_24' title="bbox 848 3173 1871 3273; baseline -0.003 -22"><span class='ocrx_word' id='word_1_80' title='bbox 848 3174 1168 3251; x_wconf 87' lang='lat' dir='ltr'><strong>Odonem</strong></span> <span class='ocrx_word' id='word_1_81' title='bbox 1203 3184 1502 3273; x_wconf 81' lang='lat' dir='ltr'><strong>propter</strong></span> <span class='ocrx_word' id='word_1_82' title='bbox 1539 3173 1871 3249; x_wconf 78' lang='lat' dir='ltr'><strong>baculum</strong></span> 
     </span>
     <span class='ocr_line' id='line_1_25' title="bbox 849 3288 1744 3391; baseline -0.003 -26"><span class='ocrx_word' id='word_1_83' title='bbox 849 3317 890 3365; x_wconf 80' lang='lat' dir='ltr'>a</span> <span class='ocrx_word' id='word_1_84' title='bbox 927 3314 1097 3391; x_wconf 83' lang='lat' dir='ltr'><strong>rege</strong></span> <span class='ocrx_word' id='word_1_85' title='bbox 1133 3290 1304 3367; x_wconf 81' lang='lat' dir='ltr'><strong>sibi⁴</strong></span> <span class='ocrx_word' id='word_1_86' title='bbox 1338 3288 1744 3364; x_wconf 39' lang='lat' dir='ltr'><strong>traditum&amp;</strong></span> 
     </span>
    </p>
   </div>
   <div class='ocr_carea' id='block_1_3' title="bbox 413 3535 2529 4321">
    <p class='ocr_par' dir='ltr' id='par_1_8' title="bbox 413 3535 2519 3791">
     <span class='ocr_line' id='line_1_26' title="bbox 486 3535 2517 3610; baseline -0.001 -15"><span class='ocrx_word' id='word_1_87' title='bbox 486 3538 538 3595; x_wconf 88' lang='lat'><strong>1.</strong></span> <span class='ocrx_word' id='word_1_88' title='bbox 579 3537 782 3610; x_wconf 84' lang='lat' dir='ltr'><strong>Comp.</strong></span> <span class='ocrx_word' id='word_1_89' title='bbox 813 3535 946 3595; x_wconf 84' lang='lat' dir='ltr'><strong>Aet.</strong></span> <span class='ocrx_word' id='word_1_90' title='bbox 978 3536 1220 3595; x_wconf 83' lang='lat' dir='ltr'><strong>Concilii</strong></span> <span class='ocrx_word' id='word_1_91' title='bbox 1257 3536 1508 3595; x_wconf 79' lang='lat' dir='ltr'><strong>Romani</strong></span> <span class='ocrx_word' id='word_1_92' title='bbox 1537 3536 1703 3595; x_wconf 77' lang='lat'><strong>18-23</strong></span> <span class='ocrx_word' id='word_1_93' title='bbox 1742 3536 1911 3594; x_wconf 76' lang='lat' dir='ltr'><strong>Mart.</strong></span> <span class='ocrx_word' id='word_1_94' title='bbox 1950 3536 2087 3594; x_wconf 77' lang='lat'><strong>1112</strong></span> <span class='ocrx_word' id='word_1_95' title='bbox 2114 3538 2283 3608; x_wconf 78' lang='lat' dir='ltr'><strong>(Mon.</strong></span> <span class='ocrx_word' id='word_1_96' title='bbox 2314 3538 2517 3605; x_wconf 67' lang='lat' dir='ltr'><strong>Germ,</strong></span> 
     </span>
     <span class='ocr_line' id='line_1_27' title="bbox 416 3624 2519 3701; baseline 0 -18"><span class='ocrx_word' id='word_1_97' title='bbox 416 3627 592 3701; x_wconf 78' lang='lat' dir='ltr'><strong>Legg.</strong></span> <span class='ocrx_word' id='word_1_98' title='bbox 623 3632 666 3683; x_wconf 78' lang='lat' dir='ltr'><strong>t.</strong></span> <span class='ocrx_word' id='word_1_99' title='bbox 699 3625 787 3695; x_wconf 85' lang='grc' dir='ltr'><strong>Π,</strong></span> <span class='ocrx_word' id='word_1_100' title='bbox 825 3625 980 3700; x_wconf 88' lang='lat' dir='ltr'><strong>App.</strong></span> <span class='ocrx_word' id='word_1_101' title='bbox 1011 3642 1068 3700; x_wconf 89' lang='lat' dir='ltr'><strong>p.</strong></span> <span class='ocrx_word' id='word_1_102' title='bbox 1103 3626 1225 3685; x_wconf 90' lang='grc'><strong>181.</strong></span> <span class='ocrx_word' id='word_1_103' title='bbox 1265 3656 1338 3669; x_wconf 90' lang='grc'>-</span> <span class='ocrx_word' id='word_1_104' title='bbox 1371 3626 1681 3699; x_wconf 77' lang='lat' dir='ltr'><strong>Muratori,</strong></span> <span class='ocrx_word' id='word_1_105' title='bbox 1720 3628 1844 3684; x_wconf 77' lang='lat' dir='ltr'><strong>Ror.</strong></span> <span class='ocrx_word' id='word_1_106' title='bbox 1883 3628 2013 3683; x_wconf 80' lang='lat' dir='ltr'><strong>Ital.</strong></span> <span class='ocrx_word' id='word_1_107' title='bbox 2053 3625 2280 3699; x_wconf 67' lang='lat' dir='ltr'><strong>Ser-iffi..</strong></span> <span class='ocrx_word' id='word_1_108' title='bbox 2322 3632 2364 3683; x_wconf 82' lang='lat' dir='ltr'><strong>t.</strong></span> <span class='ocrx_word' id='word_1_109' title='bbox 2404 3624 2519 3699; x_wconf 83' lang='grc' dir='ltr'>ΙΙΙ,</span> 
     </span>
     <span class='ocr_line' id='line_1_28' title="bbox 413 3713 897 3791; baseline 0.002 -19"><span class='ocrx_word' id='word_1_110' title='bbox 413 3724 559 3791; x_wconf 68' lang='lat' dir='ltr'><strong>part.</strong></span> <span class='ocrx_word' id='word_1_111' title='bbox 591 3732 633 3789; x_wconf 88' lang='lat'><strong>1,</strong></span> <span class='ocrx_word' id='word_1_112' title='bbox 660 3730 718 3789; x_wconf 85' lang='lat' dir='ltr'><strong>p.</strong></span> <span class='ocrx_word' id='word_1_113' title='bbox 751 3713 897 3780; x_wconf 82' lang='grc'><strong>363).</strong></span> 
     </span>
    </p>

    <p class='ocr_par' dir='ltr' id='par_1_9' title="bbox 483 3803 1591 3878">
     <span class='ocr_line' id='line_1_29' title="bbox 483 3803 1591 3878; baseline -0.003 -15"><span class='ocrx_word' id='word_1_114' title='bbox 483 3805 540 3865; x_wconf 76' lang='lat'><strong>2.</strong></span> <span class='ocrx_word' id='word_1_115' title='bbox 579 3805 664 3863; x_wconf 89' lang='lat' dir='ltr'><strong>Le</strong></span> <span class='ocrx_word' id='word_1_116' title='bbox 691 3804 760 3862; x_wconf 75' lang='lat'><strong>23</strong></span> <span class='ocrx_word' id='word_1_117' title='bbox 787 3820 944 3863; x_wconf 74' lang='lat' dir='ltr'><strong>mars</strong></span> <span class='ocrx_word' id='word_1_118' title='bbox 974 3804 1114 3862; x_wconf 78' lang='lat'><strong>1112</strong></span> <span class='ocrx_word' id='word_1_119' title='bbox 1143 3803 1328 3877; x_wconf 66' lang='lat' dir='ltr'><strong>(Jaffe,</strong></span> <span class='ocrx_word' id='word_1_120' title='bbox 1359 3821 1414 3878; x_wconf 87' lang='lat' dir='ltr'><strong>p.</strong></span> <span class='ocrx_word' id='word_1_121' title='bbox 1448 3803 1591 3875; x_wconf 86' lang='lat'><strong>504).</strong></span> 
     </span>
    </p>

    <p class='ocr_par' dir='ltr' id='par_1_10' title="bbox 486 3890 2523 3967">
     <span class='ocr_line' id='line_1_30' title="bbox 486 3890 2523 3967; baseline -0.002 -15"><span class='ocrx_word' id='word_1_122' title='bbox 486 3894 538 3953; x_wconf 83' lang='lat'><strong>3.</strong></span> <span class='ocrx_word' id='word_1_123' title='bbox 580 3897 1034 3951; x_wconf 60' lang='lat' dir='ltr'><strong>excommunicat.</strong></span> <span class='ocrx_word' id='word_1_124' title='bbox 1068 3892 1228 3949; x_wconf 77' lang='lat' dir='ltr'>Dans</span> <span class='ocrx_word' id='word_1_125' title='bbox 1255 3890 1309 3949; x_wconf 87' lang='lat' dir='ltr'><strong>le</strong></span> <span class='ocrx_word' id='word_1_126' title='bbox 1336 3909 1444 3949; x_wconf 72' lang='lat' dir='ltr'><strong>me.</strong></span> <span class='ocrx_word' id='word_1_127' title='bbox 1470 3893 1512 3948; x_wconf 92' lang='lat' dir='ltr'><strong>il</strong></span> <span class='ocrx_word' id='word_1_128' title='bbox 1531 3911 1568 3967; x_wconf 88' lang='lat' dir='ltr'>y</span> <span class='ocrx_word' id='word_1_129' title='bbox 1589 3890 1743 3949; x_wconf 80' lang='lat' dir='ltr'><strong>avait</strong></span> <span class='ocrx_word' id='word_1_130' title='bbox 1770 3890 1999 3949; x_wconf 86' lang='lat' dir='ltr'><strong>d&#39;abord</strong></span> <span class='ocrx_word' id='word_1_131' title='bbox 2027 3894 2523 3949; x_wconf 72' lang='lat' dir='ltr'><strong>excommunicant.</strong></span> 
     </span>
    </p>

    <p class='ocr_par' dir='ltr' id='par_1_11' title="bbox 485 3977 1843 4053">
     <span class='ocr_line' id='line_1_31' title="bbox 485 3977 1843 4053; baseline -0.004 -13"><span class='ocrx_word' id='word_1_132' title='bbox 485 3985 540 4040; x_wconf 71' lang='lat'><strong>4.</strong></span> <span class='ocrx_word' id='word_1_133' title='bbox 579 3982 709 4037; x_wconf 78' lang='lat' dir='ltr'><strong>sibi.</strong></span> <span class='ocrx_word' id='word_1_134' title='bbox 739 3978 900 4037; x_wconf 77' lang='lat' dir='ltr'>Dans</span> <span class='ocrx_word' id='word_1_135' title='bbox 929 3978 982 4037; x_wconf 91' lang='lat' dir='ltr'><strong>le</strong></span> <span class='ocrx_word' id='word_1_136' title='bbox 1011 3996 1121 4037; x_wconf 80' lang='lat' dir='ltr'><strong>ms,</strong></span> <span class='ocrx_word' id='word_1_137' title='bbox 1153 3980 1456 4037; x_wconf 79' lang='lat' dir='ltr'><strong>au-dessus</strong></span> <span class='ocrx_word' id='word_1_138' title='bbox 1485 3979 1556 4036; x_wconf 86' lang='lat' dir='ltr'><strong>de</strong></span> <span class='ocrx_word' id='word_1_139' title='bbox 1587 3980 1641 4036; x_wconf 78' lang='lat' dir='ltr'><strong>la</strong></span> <span class='ocrx_word' id='word_1_140' title='bbox 1668 3977 1843 4053; x_wconf 83' lang='lat' dir='ltr'><strong>ligne.</strong></span> 
     </span>
    </p>

    <p class='ocr_par' dir='ltr' id='par_1_12' title="bbox 419 4068 2529 4321">
     <span class='ocr_line' id='line_1_32' title="bbox 490 4068 2528 4143; baseline -0.001 -17"><span class='ocrx_word' id='word_1_141' title='bbox 490 4070 542 4128; x_wconf 82' lang='lat'><strong>5.</strong></span> <span class='ocrx_word' id='word_1_142' title='bbox 583 4070 649 4128; x_wconf 79' lang='lat' dir='ltr'><strong>Si</strong></span> <span class='ocrx_word' id='word_1_143' title='bbox 679 4068 732 4127; x_wconf 91' lang='lat' dir='ltr'><strong>le</strong></span> <span class='ocrx_word' id='word_1_144' title='bbox 761 4070 866 4127; x_wconf 76' lang='lat' dir='ltr'><strong>fait</strong></span> <span class='ocrx_word' id='word_1_145' title='bbox 892 4078 983 4129; x_wconf 76' lang='lat' dir='ltr'><strong>est</strong></span> <span class='ocrx_word' id='word_1_146' title='bbox 1008 4071 1150 4139; x_wconf 75' lang='lat' dir='ltr'><strong>mi,</strong></span> <span class='ocrx_word' id='word_1_147' title='bbox 1179 4102 1252 4113; x_wconf 91' lang='lat'><strong>—-</strong></span> <span class='ocrx_word' id='word_1_148' title='bbox 1279 4070 1318 4127; x_wconf 86' lang='lat' dir='ltr'><strong>il</strong></span> <span class='ocrx_word' id='word_1_149' title='bbox 1347 4072 1496 4127; x_wconf 78' lang='lat' dir='ltr'><strong>n&#39;est</strong></span> <span class='ocrx_word' id='word_1_150' title='bbox 1521 4086 1623 4143; x_wconf 80' lang='lat' dir='ltr'><strong>pas</strong></span> <span class='ocrx_word' id='word_1_151' title='bbox 1651 4069 1987 4127; x_wconf 73' lang='lat' dir='ltr'><strong>mentionne</strong></span> <span class='ocrx_word' id='word_1_152' title='bbox 2007 4070 2152 4128; x_wconf 85' lang='lat' dir='ltr'><strong>dans</strong></span> <span class='ocrx_word' id='word_1_153' title='bbox 2171 4070 2429 4127; x_wconf 75' lang='lat' dir='ltr'><strong>Hermen</strong></span> <span class='ocrx_word' id='word_1_154' title='bbox 2456 4068 2528 4125; x_wconf 88' lang='lat' dir='ltr'><strong>de</strong></span> 
     </span>
     <span class='ocr_line' id='line_1_33' title="bbox 419 4156 2529 4233; baseline -0 -17"><span class='ocrx_word' id='word_1_155' title='bbox 419 4158 667 4217; x_wconf 81' lang='lat' dir='ltr'><strong>Toumai</strong></span> <span class='ocrx_word' id='word_1_156' title='bbox 709 4162 916 4233; x_wconf 82' lang='lat' dir='ltr'><strong>(comp.</strong></span> <span class='ocrx_word' id='word_1_157' title='bbox 956 4158 1014 4217; x_wconf 79' lang='lat' dir='ltr'><strong>le.</strong></span> <span class='ocrx_word' id='word_1_158' title='bbox 1053 4167 1188 4217; x_wconf 64' lang='lat' dir='ltr'><strong>nobe</strong></span> <span class='ocrx_word' id='word_1_159' title='bbox 1229 4160 1538 4231; x_wconf 77' lang='lat' dir='ltr'><strong>suivante),</strong></span> <span class='ocrx_word' id='word_1_160' title='bbox 1572 4191 1639 4201; x_wconf 94' lang='grc'><strong>--</strong></span> <span class='ocrx_word' id='word_1_161' title='bbox 1669 4174 1745 4216; x_wconf 90' lang='lat' dir='ltr'><strong>on</strong></span> <span class='ocrx_word' id='word_1_162' title='bbox 1784 4176 1859 4216; x_wconf 89' lang='lat' dir='ltr'><strong>ne</strong></span> <span class='ocrx_word' id='word_1_163' title='bbox 1896 4166 2034 4233; x_wconf 84' lang='lat' dir='ltr'><strong>peut</strong></span> <span class='ocrx_word' id='word_1_164' title='bbox 2071 4158 2423 4232; x_wconf 77' lang='lat' dir='ltr'><strong>s’empeeher</strong></span> <span class='ocrx_word' id='word_1_165' title='bbox 2457 4156 2529 4215; x_wconf 87' lang='lat' dir='ltr'><strong>de</strong></span> 
     </span>
     <span class='ocr_line' id='line_1_34' title="bbox 423 4244 2529 4321; baseline -0.002 -17"><span class='ocrx_word' id='word_1_166' title='bbox 423 4252 650 4305; x_wconf 75' lang='lat' dir='ltr'><strong>trouver</strong></span> <span class='ocrx_word' id='word_1_167' title='bbox 689 4252 838 4306; x_wconf 81' lang='lat' dir='ltr'><strong>eette</strong></span> <span class='ocrx_word' id='word_1_168' title='bbox 878 4244 1120 4306; x_wconf 59' lang='lat' dir='ltr'><strong>severit&amp;</strong></span> <span class='ocrx_word' id='word_1_169' title='bbox 1159 4262 1240 4303; x_wconf 89' lang='lat' dir='ltr'><strong>un</strong></span> <span class='ocrx_word' id='word_1_170' title='bbox 1281 4263 1392 4321; x_wconf 89' lang='lat' dir='ltr'><strong>peu</strong></span> <span class='ocrx_word' id='word_1_171' title='bbox 1435 4247 1747 4319; x_wconf 80' lang='lat' dir='ltr'><strong>excessivo,</strong></span> <span class='ocrx_word' id='word_1_172' title='bbox 1790 4247 2034 4320; x_wconf 79' lang='lat' dir='ltr'><strong>puisque</strong></span> <span class='ocrx_word' id='word_1_173' title='bbox 2078 4246 2243 4304; x_wconf 88' lang='lat' dir='ltr'><strong>Odon</strong></span> <span class='ocrx_word' id='word_1_174' title='bbox 2287 4245 2529 4303; x_wconf 77' lang='lat' dir='ltr'><strong>n’aurait</strong></span> 
     </span>
    </p>
   </div>
   <div class='ocr_carea' id='block_1_4' title="bbox 3392 3870 3398 4561">
    <p class='ocr_par' dir='ltr' id='par_1_13' title="bbox 3392 3870 3398 4561">
     <span class='ocr_line' id='line_1_35' title="bbox 3392 3870 3398 4561; baseline 0 0"><span class='ocrx_word' id='word_1_175' title='bbox 3392 3870 3398 4561; x_wconf 95' lang='lat' dir='ltr'><strong> </strong></span> 
     </span>
    </p>
   </div>
  </div>
 </body>
</html>
