3478 5438
1301 459 1639 512 GALcnnm.
2471 465 2526 516 71

418 598 563 674 408
956 592 1447 669 tantummodo
1482 592 1543 667 si
1578 593 1962 668 terminum

858 717 1187 808 expectat
1222 709 1293 782 in
1332 734 1476 808 quo
1512 708 1894 784 Hem-icum

860 846 1103 923 regem
1138 823 1365 897 facere
1400 823 1710 900 reditum

858 940 971 1014 hic
1004 939 1097 1017 ad
1134 964 1267 1016 nos
1302 947 1409 1014 est
1447 939 1840 1039 pollicitum
1879 966 1896 1014 t

420 1059 563 1135 409
960 1065 1033 1130 et
1067 1058 1204 1130 hoc
1238 1055 1371 1130 sibi
1403 1056 1795 1131 concedere

864 1178 1173 1272 querunt
1206 1171 1297 1246 ab
1334 1171 1495 1271 ipso
1530 1173 1792 1250 comite

861 1298 944 1365 ut
978 1288 1183 1364 liceat
1216 1311 1381 1364 cum
1416 1313 1683 1378 cesare,

862 1405 923 1480 si
957 1403 1169 1494 redit,
1214 1429 1376 1481 eum
1413 1403 1679 1482 ledere.

422 1520 504 1596 44
524 1527 569 1595 0
960 1518 1099 1596 Sed
1134 1519 1482 1594 terminus
1515 1521 1577 1595 si
1612 1528 1926 1594 transeat

863 1659 1007 1734 quo
1044 1659 1173 1710 rex
1210 1635 1365 1735 ipse
1400 1660 1545 1709 non
1579 1635 1843 1725 veniat,

868 1775 1053 1826 mox·
1073 1751 1329 1826 urbem
1363 1752 1545 1826 hanc
1574 1751 1872 1850 recipiat

864 1874 1076 1966 atque
1112 1875 1442 1966 potenter
1477 1875 1739 1942 teneat.

425 1983 559 2059 441
966 1981 1039 2058 Si
1074 1982 1269 2058 venit
1304 1991 1377 2057 et
1412 1982 1818 2082 regreditur

870 2105 944 2174 et
977 2098 1140 2174 urbi
1178 2123 1325 2172 non
1360 2097 1752 2197 imponitur

870 2237 1247 2290 succursus
1280 2211 1373 2288 de
1408 2213 1748 2290 militibus

871 2330 995 2430 qui
1032 2329 1287 2405 fortior
1322 2330 1415 2404 sit
1449 2329 1750 2418 civibuS,

429 2448 511 2523 44
528 2451 577 2526 2
968 2444 1225 2519 urbem
1256 2452 1330 2518 et
1364 2445 1561 2544 ipsos
1596 2444 1856 2521 milites

871 2560 1155 2636 tradent
1192 2559 1328 2634 sibi
1363 2560 1780 2660 precipites¹

874 2687 949 2754 et
982 2684 1151 2776 post
1182 2677 1315 2752 hec
1348 2675 1483 2751 sibi
1515 2676 1762 2753 fideles

875 2801 1086 2871 erunt
1121 2802 1199 2867 ut
1235 2794 1341 2869 sui
1378 2792 1728 2867 homines,

435 2911 580 2988 413
974 2909 1279 3001 Quesitis
1312 2933 1553 2984 comes
1586 2909 1833 2985 annuit

876 3038 949 3102 et
983 3028 1247 3103 trevias
1281 3027 1622 3126 imposuit

878 3168 1107 3242 usque
1142 3142 1236 3217 ad
1271 3143 1502 3217 natale
1536 3142 1661 3217 Dei

876 3257 1239 3360 genitricis
1273 3257 1345 3331 in
1380 3255 1836 3355 septembri2.

441 3377 522 3452 44
539 3378 586 3453 4
978 3373 1085 3450 Ob
1119 3373 1251 3477 hec
1286 3372 1707 3471 complenda
1742 3372 1979 3447 omnia

880 3491 1043 3565 hinc
1076 3491 1259 3565 facta
1294 3495 1405 3563 est
1439 3487 1689 3563 fidutia

881 3607 1212 3705 utrinque
1246 3606 1389 3680 fide
1424 3603 1683 3679 tradita

882 3724 954 3797 in
988 3721 1267 3797 comitis
1302 3719 1683 3820 presentia.

525 4028 575 4083 1.
611 4029 921 4098 precipites.
956 4025 1035 4083 Ils
1064 4024 1143 4081 lui
1174 4024 1509 4082 livreraient
1534 4022 1768 4079 aussitdt
1794 4021 1852 4079 la
1877 4021 2012 4078 ville
2044 4027 2104 4077 et
2137 4018 2221 4077 les
2250 4017 2563 4077 chevaliers

455 4116 553 4189 qui
585 4132 621 4188 y
646 4115 911 4172 aui-aient
936 4112 1027 4171 ete
1055 4114 1169 4171 mis
1199 4130 1273 4171 en
1298 4112 1593 4187 garnison.

524 4212 577 4269 2.
618 4212 991 4270 G'est-a-dire
1013 4211 1281 4286 iusqu’au
1310 4212 1343 4267 8
1372 4208 1692 4283 septembre
1720 4208 1793 4265 de
1821 4213 1970 4265 cette
1997 4205 2182 4263 annee
2213 4206 2368 4263 1102.
