3478 5438
436 993 573 1063 380

433 1453 559 1523 381

431 1915 573 1990 382

430 2380 569 2450 383

428 2839 568 2913 384·

428 3304 567 3374 385

424 3764 565 3835 386

1350 509 1627 562 mooun.

874 643 1210 741 episcopo
1246 643 1648 717 communia

870 757 1065 855 quod
1098 755 1354 856 injuste
1390 756 1730 832 catholica

868 872 1211 948 tolluntur
1247 872 1383 947 sibi
1418 871 1681 962 debita,

966 997 1039 1063 et
1073 997 1315 1088 presto
1352 997 1514 1063 sunt
1549 996 1621 1063 et
1657 989 1989 1077 offerunt,

869 1103 924 1177 si
964 1103 1210 1180 redeat
1244 1105 1727 1193 cameracum,

868 1218 1062 1317 quod
1094 1217 1625 1292 venerabuntur
1658 1243 1824 1292 eum

867 1341 951 1409 ut
988 1333 1349 1432 presulem
1385 1341 1455 1407 et
1492 1333 1862 1408 dominum

966 1448 1393 1547 venientque
1428 1448 1867 1548 respondere

868 1574 1079 1662 atque
1117 1564 1251 1639 sibi
1290 1565 1669 1640 emendare

868 1681 959 1756 de
995 1705 1415 1779 quacunque
1448 1681 1715 1781 poterit
1752 1705 1831 1754 re

867 1797 1239 1872 universos
1274 1797 1659 1895 inculpare.

966 1913 1205 1987 Sciens
1240 1913 1477 2012 presul
1517 1912 1713 2010 quod
1750 1910 2016 2010 inique,

866 2029 1060 2126 quod
1096 2029 1170 2103 in
1207 2029 1469 2130 lingua,
1512 2053 1653 2102 non
1692 2027 1766 2101 in
1807 2027 2051 2115 corde,

865 2145 1060 2243 quod
1094 2145 1165 2218 in
1202 2145 1393 2232 dole,
1434 2169 1574 2218 non
1616 2144 1687 2217 in
1722 2144 1866 2218 fide

864 2270 1119 2360 rogant
1154 2285 1318 2335 eum
1356 2285 1701 2348 remeare,

962 2375 1406 2450 remandavit
1441 2378 1899 2451 Gameracum

864 2516 941 2565 se
975 2514 1421 2589 nequaquam
1456 2489 1854 2564 rediturum

864 2631 995 2680 nec
1028 2605 1350 2680 divinum
1382 2604 1697 2679 officium

863 2722 1221 2797 celebrare
1258 2746 1758 2796 concessurum

959 2837 1187 2912 donec
1222 2838 1338 2911 ille
1370 2861 1609 2911 comes
1645 2836 1900 2911 Montis

862 2959 1075 3049 atque
1108 2952 1213 3025 sui
1252 2951 1514 3026 inimici

861 3068 1329 3143 morabuntur
1364 3068 1718 3144 cameraci

861 3191 1108 3258 contra
1142 3184 1337 3258 illum
1376 3184 1785 3269 introducti,

962 3324 1144 3397 quos
1180 3298 1253 3372 in
1292 3323 1494 3373 suam
1525 3298 1917 3373 civitatem¹

859 3423 1103 3489 contra
1139 3414 1292 3513 ejus
1327 3414 1764 3489 voluntatem

863 3530 1055 3605 cives
1090 3531 1222 3629 ipsi
1262 3539 1681 3628 receperant

860 3655 932 3720 et
965 3670 1083 3721 res
1118 3669 1281 3720 suas
1317 3653 1792 3720 vastaverant.

956 3762 1093 3836 Sed
1132 3762 1192 3837 si
1227 3760 1495 3835 donant
1528 3761 1858 3835 fiduciam

856 3876 1330 3974 prosequendi
1361 3876 1713 3976 justiciam

856 3991 1175 4067 valcellis
1212 3992 1334 4065 dat
1369 3992 1501 4065 illis
1540 3991 1725 4065 diem

492 4247 542 4304 1.
584 4246 743 4304 Dans
772 4247 826 4304 le
854 4263 963 4303 ms.
998 4251 1061 4303 in
1087 4262 1191 4303 sua
1220 4250 1457 4302 civitate.

2453 515 2548 566 229
