3478 5438
1176 471 1184 483 ’
1274 503 1617 557 onoma
2415 501 2501 554 105

394 741 628 826 Quod
671 741 1312 808 cameracenses
1357 739 1849 808 Guloherum
1892 738 1979 804 ln
2025 735 2505 819 episcopatu

481 847 928 916 restituere
971 847 1416 915 voluerunt
1456 845 1647 928 post
1689 843 2035 914 mortem
2078 841 2407 912 odonis.

393 1077 539 1148 600
929 1071 1038 1150 Ad
1073 1071 1477 1172 eligendum
1512 1072 1813 1148 alterum

834 1188 1067 1264 clerus
1099 1196 1173 1262 et
1205 1186 1412 1286 plebs
1444 1187 1861 1286 episcopum

830 1329 962 1404 per
997 1327 1374 1378 commune
1407 1303 1781 1379 eonsilium

833 1419 1072 1498 statim
1105 1428 1327 1519 agunt
1361 1418 1773 1516 capitulum.

393 1540 525 1611 601
926 1534 1299 1610 Reducunt
1333 1533 1424 1608 ad
1459 1532 1877 1610 memoriam

830 1673 1032 1724 suam
1066 1649 1352 1750 longam
1385 1649 1745 1725 miseriam

831 1787 1048 1864 quam
1083 1765 1274 1864 passi
1311 1763 1434 1841 diu
1465 1763 1744 1840 fuerant

830 1903 962 1978 per
995 1879 1340 1954 alternam
1375 1879 1833 1955 discordiam.

389 1997 540 2072 602
929 1993 1132 2085 Quod
1163 1995 1454 2082 malum,
1495 1993 1691 2093 quod
1726 1994 2101 2070 discidium

832 2109 979 2208 pati
1011 2118 1339 2184 verentes
1371 2111 1656 2199 iterum,

833 2224 925 2298 ad
961 2223 1379 2300 Gelcherum
1414 2222 1897 2300 revocandum

830 2363 1080 2413 omnes
1115 2341 1534 2415 confirmant
1568 2340 1910 2414 animum.

387 2458 538 2528 603
850 2474 862 2488 ·
929 2459 1105 2529 Nam
1140 2455 1277 2530 hoo
1312 2457 1480 2530 satis
1514 2455 1994 2554 probaverant

835 2569 1025 2668 quod
1062 2569 1304 2644 vivere
1340 2595 1481 2644 non
1519 2579 1845 2668 poterant

831 2708 964 2783 per
999 2684 1320 2760 stabilem
1357 2686 1805 2761 eoncordiem

373 2863 382 2873 .
833 2801 1061 2875 donec
1095 2825 1260 2875 eum
1294 2805 1691 2877 restituant.

388 2913 538 2988 604
926 2919 1326 2990 Revocatur
1359 2916 1522 2991 hinc
1559 2916 1965 3006 Galcherus‚

829 3030 982 3128 regi
1017 3029 1324 3105 refertur
1358 3032 1648 3105 baculus
1692 3058 1708 3104 τ

831 3168 958 3222 rex
995 3168 1168 3219 vero
1200 3146 1390 3221 favet
1425 3146 1630 3221 citius

829 3260 1030 3333 factis
1065 3260 1551 3358 petitionibus,

391 3376 535 3446 605
927 3376 1331 3450 Morabatur
1365 3376 1436 3449 in
1475 3382 1789 3451 Tornaoo

830 3489 1206 3565 Galcherus
1241 3490 1359 3564 illo
1394 3490 1704 3567 termino

827 3604 1076 3679 vivens
1110 3605 1209 3680 ibi
1243 3605 1336 3681 de
1371 3605 1668 3705 proprio

828 3743 990 3794 cum
1023 3721 1294 3795 honore
1329 3730 1402 3795 et
1437 3720 1720 3822 gaudio.

391 3837 534 3908 606
925 3834 1049 3911 Cui
1084 3834 1250 3910 fecit
1283 3860 1414 3911 rex
1451 3838 1811 3937 cognitum

375 3972 382 3979 ·
825 3958 906 4023 ut
940 3951 1178 4025 veniat
1212 3952 1404 4050 apud
1441 3978 1631 4043 eum,

826 4074 1242 4164 recepturus
1278 4068 1713 4166 presulatum

825 4181 1027 4256 urbis
1061 4182 1689 4257 Cameracensium.
