3478 5438
951 463 1015 518 ⁴0
1255 488 1262 496 ·
1908 454 2117 506 onon

1392 593 1586 668 dieto
1622 589 1716 666 de
1750 588 1869 664 illo
1904 589 2271 686 quomodo

1393 708 1487 783 sit
1523 714 1761 782 actum
1796 705 1871 780 in
1908 703 2229 780 eoncilio.

954 830 1085 907 221
1493 820 1820 898 Narravit
1852 821 2043 896 enim
2076 820 2341 896 omnia.

1393 939 1536 1014 Sed
1572 961 1736 1012 cum
1774 936 2007 1011 clerus
2040 945 2115 1010 et
2149 935 2355 1035 plebs
2388 945 2539 1013 tota

1393 1055 1591 1131 audit
1625 1055 1819 1152 quod
1857 1079 1993 1153 pro
2027 1055 2327 1153 pecunia

1393 1171 1729 1246 distracta
1766 1171 1859 1244 sit
1887 1169 2192 1270 justicia,

957 1291 1101 1367 222
1495 1286 1863 1363 Urbanum
1894 1285 2363 1384 apostaticum

1397 1401 1857 1491 maledicunt,
1894 1400 2296 1499 despiciunt

1395 1527 1470 1592 et
1503 1517 1568 1590 ei
1605 1542 1751 1592 non
1786 1515 2156 1606 obediunt,

1395 1633 1580 1734 patri
1617 1633 1959 1710 Galchero
1994 1633 2369 1707 consulunt

955 1749 1100 1829 223
1495 1774 1584 1824 ne
1617 1748 1714 1823 illi
1750 1747 1875 1824 det
1908 1749 2333 1848 obsequium

1395 1889 1528 1939 nec
1560 1863 1826 1964 presuli
1864 1863 2319 1939 Remensium

1396 1979 1626 2055 donec
1653 1979 1957 2055 reddant
1986 1980 2077 2054 ad
2116 1980 2473 2080 integrum

1399 2097 1759 2174 cameraci
1796 2096 2273 2171 Attrebatum.

959 2213 1106 2292 224
1495 2217 1649 2302 Quo
1681 2237 1815 2311 per
1848 2236 1975 2286 eos
2010 2211 2313 2287 diffinito

1397 2336 1470 2403 et
1504 2329 1645 2403 fide
1681 2335 1755 2402 et
1790 2335 2233 2402 sacramento

1397 2443 1639 2543 presul
1675 2442 2059 2520 Galoherus
2094 2441 2337 2517 divino

1194 2655 1202 2663 .
1399 2585 1539 2633 non
1579 2569 1811 2634 cessat
1844 2560 1935 2634 ab
1970 2558 2269 2632 offici0¹.

960 2681 1106 2757 225
1499 2675 1636 2751 Sed
1670 2677 1810 2751 hoc
1842 2673 2133 2773 quidem
2168 2671 2563 2763 consilium,

1397 2790 1579 2864 sicut
1613 2790 1871 2889 agnovi
1908 2789 2397 2888 postmodum,

1399 2906 1716 3006 pontifici
1754 2906 1827 2978 in
1864 2905 2256 2979 maximum

1399 3044 1825 3095 conversum
1860 3027 1969 3095 est
2006 3020 2465 3094 contrarium.

959 3140 1105 3216 226
1497 3140 1674 3210 Nam
1710 3135 1923 3211 Fulco
1958 3134 2445 3211 vicedominus

1399 3260 1612 3349 atque
1649 3252 1765 3326 ille
1796 3251 2221 3340 Amen-icus,

1398 3390 1618 3466 quem
1653 3367 2017 3466 captivum
2052 3365 2381 3466 sapei-ius

1399 3482 1821 3557 dissolverat
1854 3480 2261 3580 episeopuS,

959 3599 1106 3675 227
1495 3621 1709 3695 quam
1748 3598 1993 3698 plures
2026 3622 2201 3671 vero
2234 3596 2349 3671 alii

1398 3714 1598 3789 istius
1637 3714 1833 3789 urbis
1868 3713 2137 3813 populi,

1033 3936 1083 3991 1.
1136 3935 1299 3994 Cotto
1344 3935 1616 3995 conduite
1660 3943 2063 3995 ouveroement
2100 3932 2513 4007 schismatique
2558 3932 2663 3991 dut
2708 3948 2845 3993 sans
2886 3946 3071 3991 aucun

959 4023 1134 4082 doute
1161 4024 1380 4083 ali6ner
1397 4026 1434 4082 ὲ
1451 4024 1717 4084 Gnucher
1744 4025 1799 4083 la
1826 4024 2127 4083 meilleuro
2154 4022 2335 4098 partie
2363 4023 2441 4080 du
2460 4022 2647 4095 olen-g&
2665 4029 2725 4080 et
2747 4022 2827 4079 du
2844 4020 3066 4097 peuplo.

959 4112 1139 4170 Aussi
1166 4128 1240 4171 ne
1267 4113 1321 4172 lo
1347 4113 1570 4171 voit-on
1595 4113 1724 4187 plus
1754 4115 1930 4190 gubre
1958 4132 2021 4173 se
2048 4114 2306 4173 soutenir
2338 4128 2451 4187 que
2476 4129 2580 4187 par
2606 4112 2667 4169 la
2688 4111 2981 4183 violence,
3012 4118 3069 4169 et

961 4207 1087 4261 tant
1113 4218 1226 4277 que
1254 4202 1486 4261 cello—ci
1512 4220 1576 4261 se
1602 4202 1795 4263 faisait
1824 4204 2023 4263 sentit.
