3478 5438
948 440 1041 492 272
1679 436 1885 487 nam
1916 437 2008 487 DU
2040 434 2331 486 vomu.

902 564 905 567 ’
948 572 1037 629 De
1084 569 1273 629 reditu
1313 567 1673 642 imperatoris
1708 574 1769 625 et
1809 566 1881 626 de
1928 584 2069 641 pace
2110 567 2262 625 inter
2301 584 2434 625 eum
2471 574 2530 625 et
2576 566 2848 625 comitem

2966 3761 3062 3794 »ΙΙ
3122 3733 3134 3750 .

1126 659 1433 718 reformata
1505 696 2849 715 ...............
2995 658 3062 717 ‘12

949 749 1036 806 De
1063 749 1269 805 iterata
1296 746 1637 821 expulsione
1674 745 1946 803 Gralcheri
1971 762 2008 803 a
2033 745 2346 803 Gameraco
2358 786 2848 803 ......
2995 748 3062 802 74

946 837 1033 895 De
1060 835 1423 894 absolutione
1450 835 1666 892 civium
1697 842 1756 891 et
1783 833 2386 915 excommunicatione
2414 832 2685 892 Galcheri
2738 879 2751 890 .
2832 878 2846 889 .
2995 834 3064 889 75

945 926 1035 983 De
1061 925 1290 983 malitia
1316 924 1538 981 civium
1566 925 1629 981 in
1660 922 2012 982 Galcherum
2041 929 2366 997 perpetrata
2451 962 2468 979 .
2547 966 2562 981 .
2641 966 2655 978 .
2733 966 2747 979 .
2832 964 2846 978 .
2995 922 3062 979 76

946 1014 1035 1069 De
1064 1010 1373 1070 Godefrido
1416 1050 2846 1071 ................
2995 1012 3061 1065 ’Π

945 1100 1112 1169 Quod
1143 1101 1464 1158 Galcherus
1489 1100 1553 1157 in
1580 1100 1748 1158 Novo
1778 1100 1977 1159 Castro
2005 1100 2084 1157 sit
2109 1106 2374 1173 receptus
2451 1141 2843 1157 .....
2995 1098 3062 1155 79

946 1190 1111 1260 Quod
1142 1190 1439 1247 Manasses
1456 1189 1676 1247 relictis
1695 1189 2212 1247 Cameracensibus
2240 1187 2500 1263 pontifex
2519 1186 2850 1245 suessionis

1123 1294 1159 1334 a
1185 1294 1333 1353 papa
1360 1278 1436 1336 sit
1462 1278 1701 1335 effectus
1790 1318 2848 1337 ............
2997 1276 3064 1333 80

944 1368 1033 1425 De
1058 1367 1344 1440 legatione
1373 1365 1643 1424 Galcheri
1668 1366 1742 1423 ad
1771 1366 2267 1441 archiepiscopum
2290 1366 2472 1424 missa
2546 1409 2560 1422 .
2644 1410 2656 1422 .
2737 1410 2750 1421 .
2831 1409 2846 1422 .
2997 1364 3066 1422 82

945 1457 1032 1514 De
1058 1456 1341 1515 electione
1368 1454 1587 1513 Odonis
1616 1455 1873 1529 episcopi
1879 1497 2844 1513 ...........
2997 1452 3062 1510 83

946 1546 1033 1602 De
1061 1544 1407 1619 profectione
1434 1543 1703 1603 Galcheri
1732 1543 1972 1617 Legiam
1980 1586 2846 1601 ..........
2997 1543 3060 1599 8Ἴ

943 1634 1033 1691 De
1076 1641 1263 1691 morte
1307 1633 1547 1691 Hem-ici
1602 1632 1968 1705 imperatoris
2023 1640 2084 1689 et
2137 1631 2506 1707 successione
2559 1630 2667 1688 filii
2721 1631 2851 1704 ejus

1122 1723 1364 1781 Henrici
1406 1764 2844 1781 ................
2997 1720 3066 1776 90

943 1811 1031 1867 De
1058 1810 1410 1883 profectione
1438 1809 1708 1867 Galcheri
1746 1809 1818 1866 ad
1848 1810 2257 1885 imperatorem
2264 1850 2846 1867 .......
3001 1826 3061 1859 n

943 1900 1033 1957 De
1059 1900 1311 1961 adventu
1342 1898 1703 1971 imperatoris
1730 1897 1796 1955 in
1823 1898 2160 1957 Flandriam
2165 1940 2846 1957 ........
2997 1896 3060 1953 91

943 1988 1031 2045 De
1069 2003 1209 2063 pace
1236 1988 1387 2045 inter
1414 1987 1822 2059 imperatorem
1851 1995 1911 2045 et
1935 1988 2210 2045 comitem
2237 1986 2562 2045 reformata.
2645 2030 2658 2041 .
2739 2028 2756 2045 .
2835 2031 2851 2043 .
2999 1984 3066 2042 92

942 2076 1029 2133 De
1058 2076 1308 2133 adventu
1345 2076 1712 2149 imperatoris
1749 2077 1904 2149 apud
1937 2076 2316 2134 cameracum
2357 2114 2850 2135 ......
2997 2074 3063 2132 93

944 2165 1112 2234 Quod
1143 2164 1462 2225 Galcherus
1490 2165 1561 2222 ad
1592 2181 1802 2238 papam
1830 2164 1902 2222 ab
1931 2166 2278 2241 imperatore
2307 2166 2385 2222 sit
2409 2165 2655 2223 missus.
2737 2208 2750 2220 .
2833 2208 2847 2221 .
2999 2164 3066 2221 9⁶1

944 2254 1031 2311 De
1058 2270 1198 2327 pace
1227 2253 1381 2311 inter
1406 2268 1615 2327 papam
1650 2260 1710 2311 et
1738 2253 2147 2355 imperatorem
2175 2252 2328 2311 facta
2357 2297 2850 2312 ......
2967 2253 3060 2311 101

943 2342 1107 2411 Quod
1164 2342 1607 2401 Cameracenses
1656 2342 2008 2399 Galcherum
2065 2342 2129 2399 in
2181 2342 2508 2417 episcopatu
2551 2312 2854 2401 restituere

1120 2429 1429 2487 voluerunt
1454 2439 1587 2503 post
1614 2436 1862 2488 mortem
1891 2429 2112 2488 Odonis
2171 2472 2848 2489 ........
2967 2430 3065 2488 105

942 2519 1030 2576 De
1057 2526 1245 2577 morte
1271 2518 1543 2575 Gralcheri
1594 2558 2846 2577 ..............
2965 2520 3064 2576 107

940 2604 1194 2677 Explicit
1220 2604 1341 2662 vita
1368 2605 1639 2663 Galcheri
1668 2606 2101 2667 Cameracensis
2131 2606 2388 2681 episcopi
2449 2650 2460 2662 .
2541 2650 2556 2663 .
2638 2650 2652 2665 .
2733 2651 2746 2663 .
2835 2649 2848 2662 .
2967 2606 3066 2665 108

1751 2733 1962 2806 [Ges-n
1999 2734 2254 2807 Onosis]

940 2856 1159 2930 Incipit
1184 2858 1257 2915 de
1287 2857 1503 2916 domno
1532 2858 1733 2917 Odone
1760 2860 2030 2934 episcopo
2071 2901 2848 2917 .........
2965 2859 3066 2917 109

943 2946 1030 3003 De
1058 2947 1384 3020 receptione
1410 2948 1631 3007 Odonis
1658 2948 1814 3005 intra
1842 2949 2048 3006 urbem
2066 2987 2845 3006 .........
2965 2950 3058 3007 111

942 3035 1031 3092 De
1059 3035 1418 3109 depositione
1445 3045 1503 3094 et
1528 3045 1713 3095 morte
1741 3035 1928 3110 ipsius
1981 3079 2849 3094 ..........
2966 3038 3066 3094 1ίῖ

942 3123 1196 3198 Explicit
1224 3126 1293 3183 de
1319 3124 1534 3185 domno
1562 3125 1767 3184 Odone
1795 3125 2061 3198 episcopo
2091 3125 2494 3184 Cameracensi
2543 3171 2556 3182 .
2638 3170 2652 3182 .
2833 3170 2848 3184 .
2971 3147 3062 3180 n·

1648 3258 1858 3332 [Ges-m
1899 3259 2243 3316 Bononiam.
2286 3259 2360 3331 Ι.]

944 3379 1159 3455 Incipit
1185 3382 1255 3440 de
1284 3382 1497 3464 domno
1525 3381 1864 3441 Burchardo
1890 3383 2159 3457 episcopo
2167 3425 2846 3442 ........
2965 3385 3064 3442 113

941 3471 1030 3526 De
1057 3469 1338 3528 electione
1366 3472 1489 3545 ejus
1495 3515 2841 3531 ...............
2963 3495 3059 3528 »n

942 3559 1031 3614 De
1059 3559 1487 3632 recuperatione
1515 3559 1667 3618 Novi
1696 3559 1936 3618 Castelli
1979 3603 2846 3620 ..........
2965 3565 3062 3620 117

942 3646 1031 3703 De
1058 3656 1243 3705 morte
1270 3648 1549 3706 Balduini
1576 3650 1813 3707 comitis
1882 3691 2846 3708 ...........
2963 3652 3064 3708 119

942 3735 1029 3792 De
1056 3737 1271 3795 Karolo
1298 3739 1511 3796 comite
1535 3739 1880 3796 Flandrensi
1888 3781 2849 3797 ...........

942 3823 1029 3881 De
1056 3823 1305 3899 Hugone
1333 3826 1642 3884 castellano
1696 3870 2850 3886 .............
2965 3831 3066 3886 {20

944 3911 1031 3970 De
1056 3913 1310 3986 quodam
1338 3914 1579 3974 homine
1606 3915 1847 3974 nomine
1881 3915 2283 3974 Werimboldo
2359 3959 2847 3973 ......
2965 3917 3064 3974 122

1632 4049 1842 4116 [Ges-ra
1881 4049 2230 4106 Bonosum.
2269 4047 2376 4115 IL]

944 4169 1091 4227 Item
1121 4170 1191 4228 de
1220 4171 1435 4230 domno
1463 4173 1798 4232 Burchardo
1827 4175 2094 4249 episcopo
2125 4173 2524 4232 Cameracensi
2543 4217 2556 4230 .
2637 4215 2654 4232 .
2733 4217 2746 4232 .
2829 4218 2843 4232 .
2962 4175 3064 4232 1⁴⁵2
