3478 5438
1265 483 1599 537 mmmm.
2425 483 2484 535 75

809 619 1019 694 talem
1058 618 1150 694 de
1186 642 1315 694 suo
1350 617 1567 692 latere

812 733 937 832 qui
970 734 1208 809 veniat
1242 733 1611 808 absolvere

815 849 971 926 illos
1010 849 1101 925 de
1136 850 1605 926 anathemate.

416 1087 543 1154 De
579 1084 1091 1154 absolutione
1136 1083 1439 1152 civium
1477 1082 1563 1150 et
1604 1080 2446 1152 excommunicatione

1228 1190 1634 1258 Gelonem.

375 1409 520 1485 436
912 1411 1119 1490 Venit
1154 1411 1245 1486 ad
1280 1411 1417 1486 hoc
1451 1408 1850 1486 faciendum

816 1527 1059 1627 presul
1095 1527 1289 1603 idem
1323 1526 1806 1612 Remensium,

815 1643 1123 1719 absolvit
1158 1643 1452 1731 clerum,
1494 1641 1867 1742 populum,

815 1759 1005 1834 foras
1040 1758 1133 1833 ad
1169 1756 1370 1833 urbis
1404 1757 1701 1832 exitum.

379 1875 521 1948 437
912 1878 1076 1949 Mox
1112 1877 1567 1950 numer-acum
1600 1880 1931 1971 penetrat

817 1989 1099 2078 urbem,
1141 2012 1223 2062 ac
1257 1986 1661 2061 reconciliat

817 2102 1185 2179 universas
1222 2101 1550 2178 ecclesias

820 2219 1234 2318 singulaque
1270 2217 1575 2293 altaria&

380 2336 523 2409 438
917 2335 1108 2410 Facit
1144 2334 1437 2422 clerum,
1473 2333 1677 2435 jubet
1713 2333 1999 2432 plebem

822 2457 971 2525 tam
1006 2475 1141 2550 per·
1176 2471 1375 2524 sacra
1412 2475 1628 2548 quam
1664 2474 1798 2550 per
1831 2450 2052 2524 fidem

820 2567 910 2641 ad
946 2571 1367 2642 Remensem
1403 2566 1772 2641 ecclesiam

762 2755 765 2757 ,
818 2682 1005 2758 ferre
1042 2681 1545 2759 obedientiam.

381 2798 527 2873 439
920 2800 1341 2874 Galcherum
1376 2798 1940 2873 excommunicat

820 2914 1236 3015 episcopum
1271 2940 1403 2991 nec
1438 2915 1757 2990 nominat

822 3039 898 3106 et
932 3056 1218 3108 omnem
1254 3032 1487 3107 virum
1524 3039 1812 3107 execrat

822 3148 943 3246 qui
982 3156 1389 3224 execratum
1420 3147 1732 3248 adjuvat.

454 3354 506 3407 1.
551 3352 822 3409 Lambert
848 3351 920 3408 (19
948 3349 1241 3408 Watrelos
1269 3349 1461 3407 donne
1486 3350 1766 3424 quelques
1795 3349 1996 3408 details
2025 3351 2122 3423 qui
2151 3366 2226 3407 ne
2255 3366 2314 3407 se
2345 3356 2499 3407 trou-

382 3450 524 3497 vent
560 3456 659 3514 pas
700 3440 846 3498 dans
882 3446 1049 3497 notre
1083 3454 1389 3514 anonyme.
1430 3442 1679 3497 Domnus
1714 3442 1990 3495 Manasscs
2024 3442 2492 3510 archiepiscopus,

383 3526 543 3584 dit-il
573 3528 608 3584 ὲ
637 3528 749 3584 l’an
780 3527 937 3599 1103,
972 3530 1123 3598 apud
1150 3528 1510 3583 Gameracum
1538 3532 1765 3599 ipsemet
1789 3531 1940 3583 vonit
1967 3544 2094 3583 cum
2121 3528 2329 3582 duobus
2356 3531 2498 3599 epis-

382 3624 553 3687 copis,
583 3620 940 3686 Inqclramno
972 3618 1325 3672 Lauduncnsi
1350 3622 1401 3672 ct
1416 3618 1670 3674 Iohanne
1688 3619 1997 3673 Morincnsi
2021 3615 2108 3685 ((19
2137 3614 2494 3687 Terouanne)

382 3714 433 3764 ct
462 3724 591 3763 cum
613 3708 876 3777 pluribus
900 3710 1166 3777 personis,
1194 3710 1459 3778 petitione
1488 3724 1611 3763 vero
1642 3714 1756 3763 tam
1787 3710 2114 3763 clericorum
2137 3723 2305 3777 quam
2336 3710 2500 3762 laico-

382 3813 519 3852 rum
555 3812 591 3851 a
626 3798 1011 3852 maledictione
1046 3812 1231 3853 omncs
1267 3798 1498 3853 absolvit
1541 3796 1626 3853 18.
1671 3796 1942 3853 Kalendas
1988 3796 2255 3861 Octobris,
2299 3798 2499 3865 viyilia

382 3887 589 3939 scilicet
609 3886 793 3940 sancti
810 3885 1077 3939 Matthaei
1092 3888 1323 3954 apostoli
1343 3882 1561 3953 (Lamb.
1588 3880 1904 3955 WatreloS,
1922 3900 1978 3957 p.
2001 3883 2209 3940 510.—
2227 3882 2310 3938 La
2328 3881 2499 3953 vigile

378 3973 456 4031 ’(19
487 3972 547 4030 S.
582 3972 863 4031 Matthieu
890 3972 1085 4030 tombe
1112 3973 1166 4030 le
1192 3972 1263 4029 ‘20
1292 3973 1616 4046 septembre
1645 3982 1705 4031 et
1730 3988 1834 4046 par
1870 3971 2226 4045 consequent
2261 3972 2314 4029 le
2347 3972 2412 4029 12
2442 3978 2501 4028 et

382 4076 502 4119 non
532 4062 587 4119 le
616 4062 681 4118 18
710 4062 811 4118 des
839 4060 1103 4119 calendas
1132 4062 1415 4119 d'octobre
1448 4082 1461 4118 z
1506 4062 1545 4118 il
1574 4080 1613 4137 y
1641 4080 1676 4119 a
1703 4062 1851 4119 donc
1877 4079 1993 4119 une
2023 4061 2178 4119 faute
2207 4060 2278 4117 (19
2311 4068 2498 4117 trans-

386 4150 631 4223 cription
659 4166 802 4224 pour
828 4168 893 4209 ce
922 4150 1161 4215 chiffre).
1206 4152 1315 4209 Ces
1347 4150 1553 4209 details
1590 4160 1692 4209 ont
1728 4152 1819 4209 ete
1848 4152 2067 4209 inseres
2097 4151 2241 4209 dans
2270 4149 2324 4207 la
2354 4149 2497 4207 Ver·

390 4238 518 4296 sion
547 4238 825 4309 franceise
854 4239 923 4296 de
955 4246 1115 4298 notre
1143 4238 1459 4315 chronique
1488 4251 1565 4313 (p.
1602 4242 1746 4305 517).
