3478 5438
1348 491 1624 543 Nucem.
2453 494 2540 547 231

437 632 577 703 395
968 612 1465 705 Verumtamen
1502 652 1629 703 sua
1664 651 1870 703 musa

869 750 1277 818 remanente
1312 744 1753 831 inconcussa,

870 885 911 932 a
946 858 1231 956 presule
1267 858 1577 933 exhibita

874 982 1107 1049 manet
1149 974 1357 1047 banni
1399 974 1770 1049 sententia.

752 1229 877 1296 De
922 1226 1169 1297 maus
1216 1242 1271 1293 a
1315 1226 1637 1295 civibus
1681 1227 2214 1310 perpatrafls.

438 1451 577 1521 396
968 1450 1309 1521 Furentes
1343 1446 1535 1519 cives
1569 1443 1733 1520 ideo

868 1572 1114 1661 spreto
1149 1562 1272 1636 Dei
1312 1560 1630 1648 servitio,

871 1676 1138 1775 quippe
1174 1676 1375 1775 cujus
1410 1700 1555 1749 non
1594 1684 1704 1751 est
1738 1675 1957 1749 timor

868 1799 1030 1865 ante
1066 1815 1317 1865 eorum
1352 1791 1623 1881 oculoS‚

436 1909 578 1979 397
969 1928 1111 1979 non
1148 1905 1450 2002 amplius
1486 1905 1938 1980 considerant

872 2020 962 2095 de
998 2020 1327 2095 omnibus
1364 2020 1537 2120 quid
1573 2020 1834 2094 faciant
1876 2047 1893 2093 ε
1993 2016 2000 2023 ’

872 2161 1037 2211 nam
1074 2136 1419 2210 vilescunt
1454 2136 1848 2225 ecclesiam,

868 2260 1099 2327 totum
1135 2252 1405 2326 olerum
1440 2261 1513 2326 et
1547 2252 1898 2327 ordinem.

438 2374 579 2443 398
969 2370 1307 2467 Apostate
1343 2368 1683 2443 increduli

869 2494 949 2560 ut
984 2484 1281 2584 gentiles
1315 2492 1390 2557 et
1417 2483 1611 2583 judei

871 2600 1264 2698 depravant
1298 2597 1527 2698 legem
1561 2598 1839 2672 Domini

870 2727 943 2792 et
978 2715 1423 2815 prophanant
1452 2712 1615 2815 jura
1648 2714 1802 2790 Dei.

437 2839 575 2909 399
972 2832 1114 2933 Ipsi
1151 2855 1457 2930 namque
1493 2831 1584 2906 ad
1620 2831 2012 2906 Briastrum

873 2957 1195 3024 sanetum
1231 2971 1495 3046 eorpus
1530 2947 1963 3023 dominicum

868 3091 909 3138 a
945 3063 1187 3163 pixide
1222 3063 1629 3162 expositum

872 3179 1043 3254 heu!
1085 3186 1317 3253 terrae
1354 3179 1832 3278 projecerunt.

434 3295 577 3370 400
970 3295 1179 3393 Apud
1216 3293 1586 3394 Lesdengh
1620 3295 1814 3370 cives
1849 3293 2038 3368 idem

872 3409 1189 3485 crucifixi
1224 3409 1603 3509 imaginem

872 3537 1085 3626 atque
1119 3527 1367 3602 matris
1399 3529 1525 3602 Dei
1560 3529 1866 3603 formam

872 3644 1317 3744 confringere
1355 3669 1496 3719 non
1534 3644 1884 3720 dubitant.

432 3759 563 3835 40⁴
968 3765 1059 3836 Et
1091 3760 1161 3834 in
1200 3759 1599 3836 Crevichori
1633 3760 1796 3834 villa

872 3875 964 3950 ab
997 3873 1248 3949 eadem
1282 3873 1681 3948 communia

871 3989 1348 4091 prosternitur
1383 3989 1715 4064 aecclesia

874 4106 1089 4184 Jhesu
1127 4105 1401 4181 Christo
1432 4115 1868 4180 consecrata.

434 4224 580 4300 402
972 4221 1085 4296 Sic
1118 4222 1466 4296 sevientes
1501 4221 1769 4322 agitant
