3478 5438
1020 404 1105 457 ¹94
1973 402 2178 457 GESTA

1014 537 1158 613 444
1548 542 1849 636 Propter
1884 539 2018 613 ista
2051 545 2127 613 et
2159 538 2291 634 alia

1446 655 1630 731 mala
1664 654 2044 733 ineffabilia

1448 796 1490 844 a
1522 771 1805 869 presule
1841 795 1986 845 non
2019 769 2301 847 modim

1290 908 1298 931 ⁸
1446 894 1918 986 congregatur
1955 885 2225 961 militia.

1013 1000 1151 1075 445
1545 1005 1680 1077 Per
1713 1002 1986 1101 legatos
2023 1010 2096 1075 et
2130 999 2369 1099 apices

1448 1115 1538 1192 ad
1575 1142 1651 1191 se
1690 1117 1934 1192 venire
1971 1117 2228 1195 milites

1447 1231 1736 1306 mandat
1770 1232 2010 1330 presul
2050 1232 2412 1323 velociter,

1446 1372 1573 1421 eor
1607 1348 1974 1427 continens
2009 1346 2334 1423 viriliter.

1010 1460 1152 1535 446
1542 1468 1733 1537 Tunc
1769 1462 2066 1537 electam
2101 1471 2173 1537 et
2209 1462 2524 1538 nobilem

1445 1585 1641 1651 tenet
1676 1577 1918 1675 presul
1953 1576 2286 1651 familiam

1445 1716 1625 1790 quae
1660 1692 1986 1767 hostibus
2023 1691 2412 1769 terribilem

1444 1808 1810 1909 ingerebat
1846 1808 2326 1885 formidinem.

1004 2053 1127 2121 De
1167 2068 1455 2120 werra.
1494 2054 1711 2121 inter
1758 2054 2234 2138 episcopum
2275 2055 2362 2121 et
2401 2053 2857 2127 Gal-ardum
2903 2057 3112 2123 orta.

1012 2275 1150 2350 447
1543 2280 1721 2349 Eece
1759 2300 1998 2353 werra
2034 2277 2378 2364 exoritur,

1444 2416 1770 2465 crescens
1806 2393 2072 2467 malum
2109 2393 2470 2469 extollitur
2517 2420 2532 2465 :

1444 2506 1647 2581 multi
1685 2505 1876 2580 enim
1911 2508 2312 2606 capiuntur,

1416 2622 1645 2696 -multi
1683 2647 1856 2697 vero
1894 2622 2339 2697 occiduntur.

1008 2736 1149 2812 448
1540 2739 1649 2813 nii
1685 2749 1758 2813 et
1795 2739 1893 2813 illi
1931 2739 2353 2815 alterutrum

1442 2856 1695 2930 erebro
1734 2852 1944 2932 simul
1981 2856 2408 2931 conveniunt
2455 2883 2470 2928 ε

1334 3053 1351 3070 ·
1442 2969 1560 3044 isti
1596 2970 1753 3044 illos
1789 2994 1958 3066 sepe
1997 2979 2332 3068 querunt,

954 3169 971 3176 ,
1235 3129 1241 3136 ·
1441 3093 1727 3184 captant
1761 3085 1871 3158 vel
1911 3084 2370 3162 interficiunt.

1006 3198 1145 3275 449
1538 3193 1850 3298 Utraque
1888 3211 2089 3299 parte
2125 3201 2382 3276 milites

1441 3323 1717 3390 vastant
1755 3315 1954 3390 villas
1991 3325 2065 3388 et
2097 3326 2402 3416 segeteS,

1439 3431 1634 3528 quod
1672 3439 1835 3504 ante
1873 3457 1949 3504 se
1985 3431 2284 3530 quisque
2322 3430 2514 3526 videt

1438 3537 1772 3644 dissipari
1805 3571 1948 3620 non
1986 3555 2334 3624 remanet.
2633 3557 2641 3564 '

1005 3664 1145 3734 450
1536 3661 1892 3738 Gerardus
1930 3687 2145 3763 super
2179 3663 2556 3740 Castellum

1438 3783 1672 3850 totum
1706 3777 2084 3875 imponens
2118 3778 2434 3854 animum

1438 3901 1512 3965 et
1548 3917 1884 3994 magnum
1922 3894 2159 3969 ferens
2193 3893 2439 3970 odium

1436 4007 1846 4105 habensque
1881 4008 2316 4084 desiderium

1004 4125 1127 4210 451
1536 4133 1617 4197 ut
1649 4124 1830 4197 forte
1867 4124 2002 4198 sibi
2037 4124 2308 4200 accidat
