3478 5438
1013 427 1102 480 wo

1061 568 1154 637 35

1056 1143 1152 1217 40

1019 1711 1151 1820 '45

1056 2303 1149 2374 50

1055 2882 1150 2952 55

1053 3454 1145 3529 60

1973 423 2175 492 qnsn

1305 585 1514 638 suum
1549 559 1922 636 servitium
1953 560 2099 658 pati
2138 583 2281 633 non
2318 566 2599 658 poterat
2642 586 2657 631 ε

1400 675 1690 774 expellit
1723 673 2118 774 proximos,
2162 675 2359 774 fugat
2391 673 2823 751 domesticos

1303 798 1514 890 atque
1551 799 1928 866 exn-aneos
1962 800 2153 866 amat
2188 799 2267 866 ut
2303 790 2487 866 filios
2530 819 2545 864 :

1401 907 1649 1007 suique
1685 907 1945 1006 privati
1982 913 2151 986 sunt
2184 906 2571 996 Teutonici,

1300 1023 1656 1098 imberbes
1685 1023 1983 1122 juvenes
2019 1031 2095 1098 et
2128 1023 2319 1120 lenes
2354 1022 2587 1121 pueri.

1397 1139 1708 1215 Tandem
1746 1138 1895 1214 exit
1926 1139 2117 1218 foras
2151 1163 2400 1215 rumor
2437 1137 2532 1214 de
2564 1136 2849 1228 talibus,

1285 1245 1388 1333 'de
1425 1254 1823 1331 Teutonicis
1854 1264 1929 1332 et
1962 1257 2056 1331 de
2081 1254 2489 1356 juvenibus,
2616 1337 2623 1342 ,

1395 1397 1484 1446 eo
1520 1372 1715 1470 quod
1751 1396 1897 1446 non
1921 1371 2115 1471 jacet
2146 1372 2217 1446 in
2256 1397 2385 1446 sua
2422 1393 2701 1446 camera

1299 1487 1767 1564 cubicularius
1802 1513 1935 1562 nec
1969 1495 2179 1564 notus
2214 1487 2535 1564 vernula.

1395 1610 1474 1679 In
1507 1605 1663 1677 foro
1699 1602 2090 1678 vendentes
2126 1601 2425 1678 herbam
2462 1611 2535 1676 et
2570 1601 2904 1701 stipulam

1300 1720 1532 1795 nudos
1566 1727 1728 1794 ante
1767 1741 1967 1794 suam
2002 1705 2252 1794 suffert
2282 1719 2740 1818 presentiam,

1396 1859 1758 1933 pannosos
1796 1833 2159 1908 mendicos
2194 1843 2358 1908 ante
2393 1859 2471 1908 se
2508 1833 2777 1932 patitur
2820 1862 2836 1907 :

1299 1950 1426 2026 sed
1463 1952 1764 2050 propter
1792 1949 2173 2025 Dominum
2207 1949 2397 2027 istud
2430 1976 2571 2024 non
2606 1950 2868 2051 agitur,

1357 2065 1360 2071 ’
1397 2067 1469 2140 in
1506 2075 1852 2164 quantum
1882 2065 2193 2142 vidimus
2228 2074 2443 2165 atque
2476 2067 2941 2165 probavimus

1299 2183 1417 2281 qui
1457 2182 1568 2257 sui
1601 2181 1861 2281 privati
1897 2205 2056 2258 esse
2091 2181 2495 2268 debuimus.

1397 2303 1476 2374 In
1513 2299 1729 2374 corde
1766 2299 1977 2389 illius,
2018 2307 2257 2373 mente
2290 2307 2364 2373 et
2396 2298 2630 2374 anima

1298 2415 1394 2489 ita
1431 2416 1875 2512 plantaverat
1908 2441 1987 2490 se
2024 2415 2342 2501 avaritia,

1398 2531 1602 2604 radix
1640 2530 1999 2605 nominata
2033 2531 2387 2606 malorum
2420 2529 2777 2614 onnium1,
2808 2629 2819 2638 .

1301 2646 1494 2744 quod
1531 2655 1765 2723 totum
1799 2645 2171 2723 abscondit
2204 2649 2273 2721 in
2312 2647 2523 2723 archa
2556 2645 2915 2724 redditum
2952 2674 2970 2721 :

1394 2789 1533 2861 que
1571 2763 1704 2837 sibi
1743 2764 2135 2863 prohibens
2169 2764 2468 2838 honeste
2502 2764 2747 2838 vivere

1299 2878 1482 2953 sicut
1512 2880 1929 2977 episcopum
1965 2878 2264 2954 decebat
2293 2878 2553 2967 facere,

1392 2994 1485 3071 ad
1519 2996 1656 3070 hoc
1690 2996 2074 3071 novissime
2106 2997 2339 3097 coegit
2374 2996 2711 3095 cupidum

1295 3110 1489 3208 quod
1527 3135 1736 3185 suum
1774 3111 2093 3209 linquere
2130 3110 2297 3186 fecit
2332 3111 2741 3209 hospitium.

1391 3225 1626 3327 Exivit
1661 3226 1926 3301 etenim
1964 3228 2055 3302 de
2091 3226 2309 3325 domo
2346 3228 2661 3327 propria,

1289 3340 1579 3441 jubente
1616 3367 1879 3417 venere
1918 3351 1993 3416 et
2027 3342 2346 3433 avaritia,
2406 3328 2409 3333 ¹

1329 3450 1352 3473 ⁶
1393 3456 1729 3558 vaditque
1766 3459 1857 3532 ad
1892 3466 2211 3533 'montem
2246 3460 2463 3533 sancti
2506 3459 2872 3559 Gangerici
2932 3460 2939 3472 '

1293 3575 1364 3647 in
1402 3574 1619 3648 domo
1651 3575 1972 3649 Abdonis
2008 3574 2373 3675 cujusdam
2410 3574 2677 3663 clerici,

1390 3686 1630 3786 ibique
1667 3685 1934 3763 habitat
1972 3690 2061 3763 ad
2100 3698 2347 3764 votum
2382 3690 2784 3789 proprium,

1293 3805 1562 3879 nullum
1598 3832 1640 3879 a
1676 3803 1955 3881 famulis
1990 3829 2253 3905 rogans
2290 3806 2683 3891 servitium.

1389 3920 1527 3995 Sed
1565 3946 1786 4019 quare
1822 3930 2102 3997 maneat
2138 3921 2233 3996 ibi
2276 3922 2336 3995 si
2369 3920 2646 4009 dixero,

1071 4180 1119 4235 1.
1163 4177 1362 4251 Comp.
1399 4180 1448 4235 1.
1486 4180 1647 4245 Tim„
1683 4178 1790 4251 VI,
1826 4179 1911 4237 10.
