3478 5438
976 416 1071 469 224
1925 421 2129 473 (insu

1414 555 1764 631 reducunt
1799 555 1950 631 sine
1985 558 2264 631 morula

1411 670 1837 746 incolumem
1872 670 1964 746 ad
2000 672 2320 770 propria.

977 782 1121 858 349
1507 785 1774 861 Eadem
1806 786 1982 861 hora
2015 786 2314 887 contigit

1410 900 1597 975 unde
1633 900 1959 977 Flandria
1990 901 2218 977 doluit

1408 1014 1603 1113 quod
1640 1015 1739 1090 ibi
1775 1024 1944 1090 sunt
1975 1016 2324 1091 interfecti

1407 1128 1554 1205 duo
1588 1130 1799 1228 probi
1834 1132 2216 1217 castellani,

975 1246 1117 1317 350
1506 1244 1721 1320 ambo
1757 1246 1904 1321 nati
1937 1247 2008 1319 in
2045 1246 2372 1323 Flandria

1405 1360 1497 1436 de
1534 1370 1744 1461 gente
1779 1363 2181 1453 Teutonica,

1406 1474 1481 1549 in
1518 1475 1729 1576 longa
1763 1478 1918 1551 noti
1951 1479 2180 1576 patria

1402 1588 1814 1666 divitiarum
1847 1592 2105 1692 gloria¹
2120 1648 2139 1667 .

968 1707 1096 1778 354
1501 1706 1953 1783 Flandrensis
1987 1732 2228 1785 comes
2261 1708 2586 1808 protinus

1402 1822 1848 1898 verecundus
1883 1834 1956 1897 et
1993 1832 2392 1899 commotus

1400 1960 1539 2034 pro
1574 1935 1924 2012 defunctis
1955 1937 2382 2013 barronibus

1401 2060 1476 2126 et
1508 2077 1645 2151 pro
1682 2053 1910 2152 captis
1943 2052 2314 2143 militibus,

966 2168 1109 2246 352
1498 2168 1911 2244 submonuit
1943 2168 2412 2245 Montensium

1401 2282 1737 2357 comitem
1771 2309 1905 2383 per
1938 2282 2330 2360 hominium

1398 2397 1737 2473 accedere
1774 2398 1870 2473 ad
1898 2398 2016 2498 jus
2051 2423 2262 2474 suum

1397 2512 1488 2588 de
1523 2512 1818 2615 objectis
1852 2519 2393 2613 hesponsurum.

968 2630 1107 2701 353
1500 2634 1685 2705 Loco
1721 2630 1954 2705 dicto²
1989 2629 2433 2732 congregatis

1394 2743 1723 2820 clamavit
1759 2769 1998 2822 comes
2032 2745 2482 2822 Flandrenais

1396 2885 1613 2959 super
1646 2866 2087 2937 Montensem
2123 2863 2214 2938 de
2251 2863 2398 2938 suis
2463 2947 2468 2950 ,

1394 2976 1569 3051 viris
1602 2977 1830 3077 captis
1867 2986 1942 3052 et
1975 2976 2253 3064 occisio,

960 3089 1103 3165 354
1492 3100 1565 3166 et
1600 3092 1691 3168 de
1726 3094 2190 3192 occupatione

1392 3205 1693 3282 civitatis
1728 3209 2146 3284 cameracae

1392 3331 1605 3422 atque
1640 3325 1898 3424 regalis
1933 3325 2284 3400 marchiae

1394 3464 1609 3538 quam
1646 3440 1933 3515 tenebat
1967 3440 2385 3516 inconsulte.

958 3557 1101 3628 355
1490 3554 1671 3630 Dicit
1704 3555 1894 3629 enim
1931 3581 2086 3630 esse
2123 3579 2333 3632 suum

1390 3695 1525 3770 per
1548 3671 1668 3772 jus
1704 3671 2214 3748 hereditarium

1028 3908 1079 3965 1.
1118 3907 1191 3966 Je
1218 3907 1333 3967 n’ai
1362 3925 1439 3983 pu
1466 3914 1696 3968 trouver
1732 3927 1852 3970 non
1887 3910 2020 3986 plus
2055 3909 2222 3988 queis
2259 3918 2393 3970 sont
2433 3909 2520 3970 loa
2557 3910 2708 3970 deux
2753 3908 3069 3968 chatelains

956 3995 1083 4054 tues
1109 4013 1185 4056 en
1210 4005 1361 4056 cette
1388 4005 1703 4057 rencontre.

1022 4085 1076 4144 2.
1120 4084 1169 4141 11
1196 4085 1291 4144 n’a
1318 4103 1420 4160 pas
1446 4086 1539 4144 ote
1568 4087 1655 4145 dit
1682 4089 1817 4163 quel
1843 4095 1934 4147 est
1959 4105 2026 4147 ce
2055 4087 2193 4162 lien,
2217 4091 2294 4146 οὺ
2314 4086 2369 4146 la
2393 4095 2583 4148 comta
2601 4087 2674 4146 de
2691 4087 2950 4146 Hainant
2964 4085 3064 4144 dut

954 4174 1330 4246 comptu-aitte
1358 4172 1571 4232 devant
1594 4173 1651 4231 la
1677 4191 1817 4234 cour
1843 4175 1944 4234 des
1971 4176 2126 4249 pairs
2153 4175 2226 4234 de
2251 4175 2518 4234 Flandre.
