3478 5438
457 931 602 1008 435

460 1394 603 1470 436

462 1856 607 1932 437

460 2319 606 2392 438

462 2782 607 2855 439

461 3240 605 3316 440

464 3701 593 3775 441

469 4160 610 4239 442

1376 449 1655 502 mooun.

896 582 1257 682 querelam
1290 606 1509 680 super
1542 581 1814 656 civibus

894 699 987 774 de
1020 696 1630 798 persecutionibus

896 822 971 889 et
1004 813 1095 889 de
1130 813 1607 888 taxationibus

992 953 1171 1028 quas
1205 927 1519 1004 fecerant
1552 935 1800 1002 contra
1835 950 2000 1003 eum

898 1071 1040 1120 non
1076 1045 1407 1120 timentes
1441 1041 1836 1143 perjurium

896 1187 1025 1236 nec
1058 1161 1271 1235 etiam
1302 1160 1428 1234 Dei
1464 1159 1778 1234 bannum

898 1277 993 1352 ob
1028 1277 1163 1350 hoc
1197 1276 1300 1350 eis
1333 1275 1769 1373 impositum.

993 1397 1333 1468 Monstrat
1366 1399 1437 1466 et
1470 1391 1609 1464 hoc
1643 1389 1839 1488 quod
1875 1389 2210 1464 comitem

896 1507 989 1582 de
1024 1506 1297 1582 Haunio
1330 1514 1748 1604 receperant
1883 1577 1890 1582 .

898 1631 1307 1723 terramque
1342 1621 1477 1696 sibi
1514 1622 1858 1698 dederant

894 1746 1109 1836 atque
1141 1735 1359 1811 fidem
1387 1737 1828 1836 juraverant.

996 1859 1188 1929 Tunc
1224 1852 1543 1951 presules
1577 1876 1826 1926 omnes
1862 1850 2107 1926 dicunt
2142 1879 2160 1925 ε

860 1957 882 1984 ²
911 1967 1073 2044 Vota
1110 1968 1329 2042 stulta
1362 1967 1751 2066 franyenda
1781 1975 1945 2042 sunt

894 2085 1289 2182 judicamus
1319 2094 1823 2158 sacramentum

898 2200 1087 2274 istud
1118 2224 1465 2298 nunquam
1498 2199 2009 2286 attendendum,

995 2340 1213 2414 neque
1254 2315 1459 2390 licere
1494 2317 1811 2412 cuiquam

760 2439 765 2444 ’
900 2431 1133 2506 urbem
1171 2440 1417 2504 taxare
1451 2430 1714 2526 reqiam

899 2548 1039 2621 nisi
1064 2570 1195 2644 per
1230 2570 1430 2620 suum
1458 2543 1810 2642 presulem

902 2664 1021 2761 qui
1056 2661 1141 2737 de
1175 2685 1334 2759 φερε
1372 2670 1553 2735 tenet
1590 2670 1875 2734 terram.

998 2781 1187 2875 Ergo
1222 2775 1427 2875 legati
1467 2774 1729 2850 civium

902 2893 1095 2993 quod
1130 2900 1400 2967 temere
1436 2890 1874 2966 abstulerunt

894 3008 1161 3109 Judicio
1194 3007 1611 3107 pontificum

900 3123 1283 3200 restaurari
1318 3122 1622 3197 convicti
1662 3128 1856 3195 sunt.

998 3237 1344 3339 Abjurant
1378 3262 1553 3312 vero
1588 3236 1922 3311 comitem

900 3363 1267 3453 receptum
1302 3378 1435 3452 per
1470 3352 1836 3428 stultitiam

902 3468 1305 3567 faciuntque
1340 3467 1671 3567 fiduciam

904 3584 1261 3659 relocandi
1296 3582 1703 3683 pontificem

1000 3698 1075 3773 in
1106 3698 1397 3798 propria
1427 3697 1579 3797 ejus
1616 3696 1784 3771 sede

904 3838 1067 3890 cum
1102 3814 1328 3914 gloria
1361 3822 1435 3887 et
1468 3813 1737 3887 honore

902 3929 1089 4003 inter
1122 3952 1288 4003 eum
1319 3928 1510 4003 cives
1547 3952 1831 4026 quoque

902 4044 1209 4145 rejumta
1244 4046 1450 4119 firma
1487 4068 1687 4143 pace.

1004 4160 1125 4235 His
1162 4161 1375 4234 finitis
1410 4160 1744 4233 continuo

2475 449 2570 504 237
