<?xml version="1.0" encoding="UTF-8"?>
<!DOCTYPE html PUBLIC "-//W3C//DTD XHTML 1.0 Transitional//EN"
    "http://www.w3.org/TR/xhtml1/DTD/xhtml1-transitional.dtd">
<html xmlns="http://www.w3.org/1999/xhtml" xml:lang="en" lang="en">
 <head>
  <title>
</title>
<meta http-equiv="Content-Type" content="text/html;charset=utf-8" />
  <meta name='ocr-system' content='tesseract 3.04.00' />
  <meta name='ocr-capabilities' content='ocr_page ocr_carea ocr_par ocr_line ocrx_word'/>
</head>
<body>
  <div class='ocr_page' id='page_1' title='image "./gestesdesvquesd01unkngoog_0133.png"; bbox 0 0 3478 5438; ppageno 0'>
   <div class='ocr_carea' id='block_1_1' title="bbox 1281 478 2511 534">
    <p class='ocr_par' dir='ltr' id='par_1_1' title="bbox 1281 478 2511 534">
     <span class='ocr_line' id='line_1_1' title="bbox 1281 478 2511 534; baseline 0.003 -4"><span class='ocrx_word' id='word_1_1' title='bbox 1281 478 1620 532; x_wconf 57' lang='lat' dir='ltr'>amomi.</span> <span class='ocrx_word' id='word_1_2' title='bbox 2447 481 2511 534; x_wconf 85' lang='lat'>79</span> 
     </span>
    </p>
   </div>
   <div class='ocr_carea' id='block_1_2' title="bbox 384 611 2122 1987">
    <p class='ocr_par' dir='ltr' id='par_1_2' title="bbox 384 611 1772 1062">
     <span class='ocr_line' id='line_1_2' title="bbox 384 611 1772 714; baseline -0.002 -26"><span class='ocrx_word' id='word_1_3' title='bbox 384 613 539 688; x_wconf 84' lang='grc'>454</span> <span class='ocrx_word' id='word_1_4' title='bbox 928 615 1028 688; x_wconf 88' lang='lat' dir='ltr'>De</span> <span class='ocrx_word' id='word_1_5' title='bbox 1064 613 1201 690; x_wconf 83' lang='lat' dir='ltr'>hoc</span> <span class='ocrx_word' id='word_1_6' title='bbox 1234 637 1411 714; x_wconf 85' lang='lat' dir='ltr'>ergo</span> <span class='ocrx_word' id='word_1_7' title='bbox 1446 611 1772 700; x_wconf 76' lang='lat' dir='ltr'>ridiculo,</span> 
     </span>
     <span class='ocr_line' id='line_1_3' title="bbox 831 729 1677 807; baseline 0 -3"><span class='ocrx_word' id='word_1_8' title='bbox 831 729 923 804; x_wconf 88' lang='lat' dir='ltr'>de</span> <span class='ocrx_word' id='word_1_9' title='bbox 956 729 1093 806; x_wconf 83' lang='lat' dir='ltr'>hoo</span> <span class='ocrx_word' id='word_1_10' title='bbox 1128 729 1319 807; x_wconf 88' lang='lat' dir='ltr'>dono</span> <span class='ocrx_word' id='word_1_11' title='bbox 1356 729 1677 806; x_wconf 81' lang='lat' dir='ltr'>adultero</span> 
     </span>
     <span class='ocr_line' id='line_1_4' title="bbox 830 844 1679 944; baseline 0.002 -26"><span class='ocrx_word' id='word_1_12' title='bbox 830 845 903 918; x_wconf 92' lang='lat' dir='ltr'>in</span> <span class='ocrx_word' id='word_1_13' title='bbox 939 853 1093 919; x_wconf 78' lang='lat' dir='ltr'>toto</span> <span class='ocrx_word' id='word_1_14' title='bbox 1128 845 1375 922; x_wconf 87' lang='lat' dir='ltr'>mundi</span> <span class='ocrx_word' id='word_1_15' title='bbox 1410 844 1679 944; x_wconf 87' lang='lat' dir='ltr'>populo</span> 
     </span>
     <span class='ocr_line' id='line_1_5' title="bbox 829 959 1668 1062; baseline 0.002 -30"><span class='ocrx_word' id='word_1_16' title='bbox 829 960 913 1032; x_wconf 86' lang='lat' dir='ltr'>fit</span> <span class='ocrx_word' id='word_1_17' title='bbox 946 960 1235 1062; x_wconf 85' lang='lat' dir='ltr'>grandis</span> <span class='ocrx_word' id='word_1_18' title='bbox 1268 959 1668 1036; x_wconf 80' lang='lat' dir='ltr'>admiratio.</span> 
     </span>
    </p>

    <p class='ocr_par' dir='ltr' id='par_1_3' title="bbox 386 1075 2122 1513">
     <span class='ocr_line' id='line_1_6' title="bbox 386 1075 2122 1168; baseline 0.002 -20"><span class='ocrx_word' id='word_1_19' title='bbox 386 1075 538 1148; x_wconf 98' lang='grc'>455</span> <span class='ocrx_word' id='word_1_20' title='bbox 930 1077 1105 1152; x_wconf 88' lang='lat' dir='ltr'>Cum</span> <span class='ocrx_word' id='word_1_21' title='bbox 1143 1076 1329 1152; x_wconf 87' lang='lat' dir='ltr'>enirn</span> <span class='ocrx_word' id='word_1_22' title='bbox 1365 1077 1544 1168; x_wconf 80' lang='lat' dir='ltr'>vult,</span> <span class='ocrx_word' id='word_1_23' title='bbox 1588 1076 1711 1151; x_wconf 83' lang='lat' dir='ltr'>dat</span> <span class='ocrx_word' id='word_1_24' title='bbox 1745 1076 1859 1152; x_wconf 82' lang='lat' dir='ltr'>vel</span> <span class='ocrx_word' id='word_1_25' title='bbox 1893 1076 2122 1153; x_wconf 79' lang='lat' dir='ltr'><strong>aufert</strong></span> 
     </span>
     <span class='ocr_line' id='line_1_7' title="bbox 832 1191 1964 1292; baseline 0.001 -27"><span class='ocrx_word' id='word_1_26' title='bbox 832 1191 1171 1290; x_wconf 88' lang='lat' dir='ltr'>quioquid</span> <span class='ocrx_word' id='word_1_27' title='bbox 1206 1191 1299 1266; x_wconf 86' lang='lat' dir='ltr'>ad</span> <span class='ocrx_word' id='word_1_28' title='bbox 1334 1216 1582 1292; x_wconf 83' lang='lat' dir='ltr'>regem</span> <span class='ocrx_word' id='word_1_29' title='bbox 1618 1192 1964 1290; x_wconf 56' lang='lat' dir='ltr'>pertinen</span> 
     </span>
     <span class='ocr_line' id='line_1_8' title="bbox 830 1307 1926 1397; baseline -0.001 -16"><span class='ocrx_word' id='word_1_30' title='bbox 830 1314 1099 1381; x_wconf 88' lang='lat' dir='ltr'>terram</span> <span class='ocrx_word' id='word_1_31' title='bbox 1132 1315 1389 1397; x_wconf 84' lang='lat' dir='ltr'>vastat,</span> <span class='ocrx_word' id='word_1_32' title='bbox 1431 1332 1575 1382; x_wconf 89' lang='lat' dir='ltr'>non</span> <span class='ocrx_word' id='word_1_33' title='bbox 1611 1307 1926 1396; x_wconf 83' lang='lat' dir='ltr'>refovet3</span> 
     </span>
     <span class='ocr_line' id='line_1_9' title="bbox 830 1422 1908 1513; baseline -0.001 -15"><span class='ocrx_word' id='word_1_34' title='bbox 830 1432 1121 1498; x_wconf 83' lang='lat' dir='ltr'>cunctos</span> <span class='ocrx_word' id='word_1_35' title='bbox 1159 1422 1357 1513; x_wconf 85' lang='lat' dir='ltr'>ledit,</span> <span class='ocrx_word' id='word_1_36' title='bbox 1402 1450 1542 1499; x_wconf 89' lang='lat' dir='ltr'>non</span> <span class='ocrx_word' id='word_1_37' title='bbox 1582 1423 1908 1499; x_wconf 81' lang='lat' dir='ltr'>sustinet.</span> 
     </span>
    </p>

    <p class='ocr_par' dir='ltr' id='par_1_4' title="bbox 384 1540 1960 1987">
     <span class='ocr_line' id='line_1_10' title="bbox 384 1540 1893 1642; baseline 0.002 -29"><span class='ocrx_word' id='word_1_38' title='bbox 384 1540 535 1614; x_wconf 88' lang='grc'>456</span> <span class='ocrx_word' id='word_1_39' title='bbox 929 1541 1399 1642; x_wconf 77' lang='lat' dir='ltr'>congregavit</span> <span class='ocrx_word' id='word_1_40' title='bbox 1437 1541 1527 1616; x_wconf 89' lang='lat' dir='ltr'>ad</span> <span class='ocrx_word' id='word_1_41' title='bbox 1565 1541 1893 1616; x_wconf 86' lang='lat' dir='ltr'>ultimum</span> 
     </span>
     <span class='ocr_line' id='line_1_11' title="bbox 832 1658 1652 1759; baseline 0.002 -27"><span class='ocrx_word' id='word_1_42' title='bbox 832 1658 1035 1734; x_wconf 82' lang='lat' dir='ltr'>istius</span> <span class='ocrx_word' id='word_1_43' title='bbox 1070 1658 1270 1732; x_wconf 87' lang='lat' dir='ltr'>urbis</span> <span class='ocrx_word' id='word_1_44' title='bbox 1305 1658 1652 1759; x_wconf 89' lang='lat' dir='ltr'>populum</span> 
     </span>
     <span class='ocr_line' id='line_1_12' title="bbox 831 1773 1960 1872; baseline 0 -24"><span class='ocrx_word' id='word_1_45' title='bbox 831 1777 1259 1872; x_wconf 86' lang='lat' dir='ltr'>Estrumque</span> <span class='ocrx_word' id='word_1_46' title='bbox 1296 1774 1549 1848; x_wconf 79' lang='lat' dir='ltr'>stravit</span> <span class='ocrx_word' id='word_1_47' title='bbox 1585 1773 1960 1872; x_wconf 87' lang='lat' dir='ltr'>oppidum,</span> 
     </span>
     <span class='ocr_line' id='line_1_13' title="bbox 834 1889 1645 1987; baseline 0.001 -24"><span class='ocrx_word' id='word_1_48' title='bbox 834 1890 1189 1987; x_wconf 83' lang='lat' dir='ltr'>pontificis</span> <span class='ocrx_word' id='word_1_49' title='bbox 1224 1889 1645 1987; x_wconf 85' lang='lat' dir='ltr'><strong>hospicium.</strong></span> 
     </span>
    </p>
   </div>
   <div class='ocr_carea' id='block_1_3' title="bbox 434 2132 2464 2220">
    <p class='ocr_par' dir='ltr' id='par_1_5' title="bbox 434 2132 2464 2220">
     <span class='ocr_line' id='line_1_14' title="bbox 434 2132 2464 2220; baseline 0 -19"><span class='ocrx_word' id='word_1_50' title='bbox 434 2132 669 2216; x_wconf 80' lang='lat' dir='ltr'>Quod</span> <span class='ocrx_word' id='word_1_51' title='bbox 696 2134 1155 2202; x_wconf 73' lang='lat' dir='ltr'>Galoherns</span> <span class='ocrx_word' id='word_1_52' title='bbox 1182 2135 1267 2205; x_wconf 80' lang='lat' dir='ltr'>in</span> <span class='ocrx_word' id='word_1_53' title='bbox 1294 2134 1533 2202; x_wconf 80' lang='lat' dir='ltr'>Novo</span> <span class='ocrx_word' id='word_1_54' title='bbox 1564 2133 1861 2202; x_wconf 73' lang='lat' dir='ltr'>castro</span> <span class='ocrx_word' id='word_1_55' title='bbox 1902 2134 2016 2204; x_wconf 77' lang='lat' dir='ltr'>sit</span> <span class='ocrx_word' id='word_1_56' title='bbox 2051 2136 2464 2220; x_wconf 79' lang='lat' dir='ltr'>receptus.</span> 
     </span>
    </p>
   </div>
   <div class='ocr_carea' id='block_1_4' title="bbox 386 2342 1952 3603">
    <p class='ocr_par' dir='ltr' id='par_1_6' title="bbox 386 2342 1936 2791">
     <span class='ocr_line' id='line_1_15' title="bbox 386 2342 1936 2444; baseline 0.003 -29"><span class='ocrx_word' id='word_1_57' title='bbox 386 2342 537 2416; x_wconf 88' lang='grc'>457</span> <span class='ocrx_word' id='word_1_58' title='bbox 929 2342 1109 2416; x_wconf 89' lang='lat' dir='ltr'>Hinc</span> <span class='ocrx_word' id='word_1_59' title='bbox 1144 2342 1523 2418; x_wconf 85' lang='lat' dir='ltr'>Galcherus</span> <span class='ocrx_word' id='word_1_60' title='bbox 1558 2344 1936 2444; x_wconf 80' lang='lat' dir='ltr'>expellitur</span> 
     </span>
     <span class='ocr_line' id='line_1_16' title="bbox 828 2459 1733 2560; baseline -0.001 -25"><span class='ocrx_word' id='word_1_61' title='bbox 828 2459 1197 2560; x_wconf 84' lang='lat' dir='ltr'>victusque</span> <span class='ocrx_word' id='word_1_62' title='bbox 1233 2459 1365 2536; x_wconf 83' lang='lat' dir='ltr'>sibi</span> <span class='ocrx_word' id='word_1_63' title='bbox 1404 2460 1673 2536; x_wconf 74' lang='lat' dir='ltr'>tollitur</span> <span class='ocrx_word' id='word_1_64' title='bbox 1718 2489 1733 2534; x_wconf 73' lang='grc' dir='ltr'>ε</span> 
     </span>
     <span class='ocr_line' id='line_1_17' title="bbox 830 2575 1816 2676; baseline 0.003 -27"><span class='ocrx_word' id='word_1_65' title='bbox 830 2575 951 2673; x_wconf 85' lang='lat' dir='ltr'>qui</span> <span class='ocrx_word' id='word_1_66' title='bbox 988 2583 1227 2650; x_wconf 87' lang='lat' dir='ltr'>tamen</span> <span class='ocrx_word' id='word_1_67' title='bbox 1260 2601 1303 2649; x_wconf 93' lang='lat' dir='ltr'>a</span> <span class='ocrx_word' id='word_1_68' title='bbox 1340 2576 1816 2676; x_wconf 84' lang='lat' dir='ltr'>burgensibus</span> 
     </span>
     <span class='ocr_line' id='line_1_18' title="bbox 832 2690 1669 2791; baseline 0.004 -26"><span class='ocrx_word' id='word_1_69' title='bbox 832 2691 1009 2765; x_wconf 87' lang='lat' dir='ltr'>Novi</span> <span class='ocrx_word' id='word_1_70' title='bbox 1046 2690 1273 2767; x_wconf 87' lang='lat' dir='ltr'>Castri</span> <span class='ocrx_word' id='word_1_71' title='bbox 1306 2692 1669 2791; x_wconf 82' lang='lat' dir='ltr'>recipitur.</span> 
     </span>
    </p>

    <p class='ocr_par' dir='ltr' id='par_1_7' title="bbox 395 2806 1952 3254">
     <span class='ocr_line' id='line_1_19' title="bbox 395 2806 1952 2907; baseline 0.001 -27"><span class='ocrx_word' id='word_1_72' title='bbox 395 2806 541 2880; x_wconf 87' lang='grc'>458</span> <span class='ocrx_word' id='word_1_73' title='bbox 933 2810 1069 2881; x_wconf 88' lang='lat' dir='ltr'>Per</span> <span class='ocrx_word' id='word_1_74' title='bbox 1101 2806 1281 2881; x_wconf 80' lang='lat' dir='ltr'>hanc</span> <span class='ocrx_word' id='word_1_75' title='bbox 1317 2832 1489 2907; x_wconf 85' lang='lat' dir='ltr'>ergo</span> <span class='ocrx_word' id='word_1_76' title='bbox 1527 2808 1952 2883; x_wconf 87' lang='lat' dir='ltr'>dementiam</span> 
     </span>
     <span class='ocr_line' id='line_1_20' title="bbox 837 2923 1605 2999; baseline 0.001 -3"><span class='ocrx_word' id='word_1_77' title='bbox 837 2930 909 2996; x_wconf 85' lang='lat' dir='ltr'>et</span> <span class='ocrx_word' id='word_1_78' title='bbox 944 2923 1203 2997; x_wconf 86' lang='lat' dir='ltr'>civium</span> <span class='ocrx_word' id='word_1_79' title='bbox 1240 2924 1605 2999; x_wconf 80' lang='lat' dir='ltr'>audaciam</span> 
     </span>
     <span class='ocr_line' id='line_1_21' title="bbox 837 3037 1844 3115; baseline 0.001 -1"><span class='ocrx_word' id='word_1_80' title='bbox 837 3037 1259 3115; x_wconf 84' lang='lat' dir='ltr'>Godefridus</span> <span class='ocrx_word' id='word_1_81' title='bbox 1294 3041 1476 3114; x_wconf 88' lang='lat' dir='ltr'>banc</span> <span class='ocrx_word' id='word_1_82' title='bbox 1510 3040 1844 3115; x_wconf 80' lang='lat' dir='ltr'>miseram</span> 
     </span>
     <span class='ocr_line' id='line_1_22' title="bbox 834 3153 1760 3254; baseline 0.001 -26"><span class='ocrx_word' id='word_1_83' title='bbox 834 3153 1041 3230; x_wconf 86' lang='lat' dir='ltr'>valde</span> <span class='ocrx_word' id='word_1_84' title='bbox 1078 3155 1393 3230; x_wconf 85' lang='lat' dir='ltr'>turbavit</span> <span class='ocrx_word' id='word_1_85' title='bbox 1426 3156 1729 3254; x_wconf 81' lang='lat' dir='ltr'>patriam</span> <span class='ocrx_word' id='word_1_86' title='bbox 1745 3213 1760 3230; x_wconf 91' lang='lat'><strong>.</strong></span> 
     </span>
    </p>

    <p class='ocr_par' dir='ltr' id='par_1_8' title="bbox 396 3266 1890 3603">
     <span class='ocr_line' id='line_1_23' title="bbox 396 3266 1865 3371; baseline 0.003 -29"><span class='ocrx_word' id='word_1_87' title='bbox 396 3266 542 3343; x_wconf 83' lang='grc'>459</span> <span class='ocrx_word' id='word_1_88' title='bbox 930 3272 1288 3369; x_wconf 84' lang='lat' dir='ltr'>Movitque</span> <span class='ocrx_word' id='word_1_89' title='bbox 1325 3272 1514 3371; x_wconf 85' lang='lat' dir='ltr'>regis</span> <span class='ocrx_word' id='word_1_90' title='bbox 1552 3271 1865 3346; x_wconf 87' lang='lat' dir='ltr'>animum</span> 
     </span>
     <span class='ocr_line' id='line_1_24' title="bbox 836 3385 1663 3463; baseline 0.002 -4"><span class='ocrx_word' id='word_1_91' title='bbox 836 3385 927 3460; x_wconf 90' lang='lat' dir='ltr'>ad</span> <span class='ocrx_word' id='word_1_92' title='bbox 964 3386 1145 3461; x_wconf 90' lang='lat' dir='ltr'>iram</span> <span class='ocrx_word' id='word_1_93' title='bbox 1182 3396 1255 3461; x_wconf 83' lang='lat' dir='ltr'>et</span> <span class='ocrx_word' id='word_1_94' title='bbox 1290 3387 1381 3461; x_wconf 87' lang='lat' dir='ltr'>ad</span> <span class='ocrx_word' id='word_1_95' title='bbox 1417 3388 1663 3463; x_wconf 92' lang='lat' dir='ltr'>odium</span> 
     </span>
     <span class='ocr_line' id='line_1_25' title="bbox 837 3503 1890 3603; baseline 0 -26"><span class='ocrx_word' id='word_1_96' title='bbox 837 3511 1083 3577; x_wconf 85' lang='lat' dir='ltr'>contra</span> <span class='ocrx_word' id='word_1_97' title='bbox 1120 3503 1508 3601; x_wconf 87' lang='lat' dir='ltr'>superbum</span> <span class='ocrx_word' id='word_1_98' title='bbox 1544 3504 1890 3603; x_wconf 88' lang='lat' dir='ltr'>populum</span> 
     </span>
    </p>
   </div>
   <div class='ocr_carea' id='block_1_5' title="bbox 328 3720 2516 4339">
    <p class='ocr_par' dir='ltr' id='par_1_9' title="bbox 328 3720 2516 4339">
     <span class='ocr_line' id='line_1_26' title="bbox 400 3720 2515 3800; baseline 0.003 -21"><span class='ocrx_word' id='word_1_99' title='bbox 400 3720 475 3781; x_wconf 88' lang='lat' dir='ltr'>ici</span> <span class='ocrx_word' id='word_1_100' title='bbox 502 3738 621 3781; x_wconf 87' lang='lat' dir='ltr'>une</span> <span class='ocrx_word' id='word_1_101' title='bbox 648 3722 963 3797; x_wconf 73' lang='lat' dir='ltr'>singuliere</span> <span class='ocrx_word' id='word_1_102' title='bbox 992 3723 1261 3797; x_wconf 77' lang='lat' dir='ltr'>meprise.</span> <span class='ocrx_word' id='word_1_103' title='bbox 1290 3724 1343 3781; x_wconf 90' lang='lat'>11</span> <span class='ocrx_word' id='word_1_104' title='bbox 1370 3724 1515 3782; x_wconf 85' lang='lat' dir='ltr'>croit</span> <span class='ocrx_word' id='word_1_105' title='bbox 1539 3741 1651 3799; x_wconf 88' lang='lat' dir='ltr'>que</span> <span class='ocrx_word' id='word_1_106' title='bbox 1668 3724 1911 3799; x_wconf 80' lang='lat' dir='ltr'>Hugues</span> <span class='ocrx_word' id='word_1_107' title='bbox 1929 3725 2004 3781; x_wconf 68' lang='lat'>1⁶²</span> <span class='ocrx_word' id='word_1_108' title='bbox 2025 3723 2216 3783; x_wconf 81' lang='lat' dir='ltr'>devait</span> <span class='ocrx_word' id='word_1_109' title='bbox 2241 3726 2360 3783; x_wconf 70' lang='lat' dir='ltr'>atre</span> <span class='ocrx_word' id='word_1_110' title='bbox 2390 3733 2515 3800; x_wconf 81' lang='lat' dir='ltr'>trop</span> 
     </span>
     <span class='ocr_line' id='line_1_27' title="bbox 400 3811 2515 3889; baseline 0.002 -21"><span class='ocrx_word' id='word_1_111' title='bbox 400 3811 569 3868; x_wconf 80' lang='lat' dir='ltr'>vieux</span> <span class='ocrx_word' id='word_1_112' title='bbox 599 3828 674 3868; x_wconf 89' lang='lat' dir='ltr'>en</span> <span class='ocrx_word' id='word_1_113' title='bbox 704 3811 839 3869; x_wconf 88' lang='grc'><strong>1096</strong></span> <span class='ocrx_word' id='word_1_114' title='bbox 870 3827 1013 3887; x_wconf 85' lang='lat' dir='ltr'>pour</span> <span class='ocrx_word' id='word_1_115' title='bbox 1040 3813 1277 3871; x_wconf 80' lang='lat' dir='ltr'>assistet</span> <span class='ocrx_word' id='word_1_116' title='bbox 1302 3813 1337 3870; x_wconf 69' lang='lat' dir='ltr'>a</span> <span class='ocrx_word' id='word_1_117' title='bbox 1364 3831 1445 3870; x_wconf 91' lang='lat' dir='ltr'>un</span> <span class='ocrx_word' id='word_1_118' title='bbox 1473 3814 1726 3887; x_wconf 75' lang='lat' dir='ltr'>tour-noi,</span> <span class='ocrx_word' id='word_1_119' title='bbox 1757 3820 1816 3871; x_wconf 85' lang='lat' dir='ltr'>et</span> <span class='ocrx_word' id='word_1_120' title='bbox 1843 3813 1887 3870; x_wconf 88' lang='lat' dir='ltr'>il</span> <span class='ocrx_word' id='word_1_121' title='bbox 1913 3830 1988 3871; x_wconf 81' lang='lat' dir='ltr'>ne</span> <span class='ocrx_word' id='word_1_122' title='bbox 2016 3815 2195 3887; x_wconf 84' lang='lat' dir='ltr'>prend</span> <span class='ocrx_word' id='word_1_123' title='bbox 2217 3830 2318 3889; x_wconf 85' lang='lat' dir='ltr'>pas</span> <span class='ocrx_word' id='word_1_124' title='bbox 2339 3815 2515 3889; x_wconf 82' lang='lat' dir='ltr'>garde</span> 
     </span>
     <span class='ocr_line' id='line_1_28' title="bbox 399 3899 2516 3979; baseline 0.002 -22"><span class='ocrx_word' id='word_1_125' title='bbox 399 3916 511 3973; x_wconf 87' lang='lat' dir='ltr'>que</span> <span class='ocrx_word' id='word_1_126' title='bbox 539 3916 605 3958; x_wconf 85' lang='lat' dir='ltr'>ce</span> <span class='ocrx_word' id='word_1_127' title='bbox 633 3899 861 3958; x_wconf 82' lang='lat' dir='ltr'>tournoi</span> <span class='ocrx_word' id='word_1_128' title='bbox 890 3900 1045 3959; x_wconf 78' lang='lat' dir='ltr'>avait</span> <span class='ocrx_word' id='word_1_129' title='bbox 1070 3902 1161 3959; x_wconf 74' lang='lat' dir='ltr'>ete</span> <span class='ocrx_word' id='word_1_130' title='bbox 1189 3901 1455 3975; x_wconf 78' lang='lat' dir='ltr'>organise</span> <span class='ocrx_word' id='word_1_131' title='bbox 1483 3918 1584 3975; x_wconf 85' lang='lat' dir='ltr'>par</span> <span class='ocrx_word' id='word_1_132' title='bbox 1601 3899 1885 3960; x_wconf 87' lang='lat' dir='ltr'>Anselme</span> <span class='ocrx_word' id='word_1_133' title='bbox 1913 3902 1985 3960; x_wconf 89' lang='lat' dir='ltr'>de</span> <span class='ocrx_word' id='word_1_134' title='bbox 2003 3902 2336 3976; x_wconf 84' lang='lat' dir='ltr'>Ribemont‚</span> <span class='ocrx_word' id='word_1_135' title='bbox 2363 3904 2398 3961; x_wconf 71' lang='lat' dir='ltr'>a</span> <span class='ocrx_word' id='word_1_136' title='bbox 2418 3904 2516 3979; x_wconf 90' lang='lat' dir='ltr'>qui</span> 
     </span>
     <span class='ocr_line' id='line_1_29' title="bbox 374 3980 2513 4071; baseline 0.002 -27"><span class='ocrx_word' id='word_1_137' title='bbox 374 3980 555 4046; x_wconf 67' lang='lat' dir='ltr'>&#39;avait</span> <span class='ocrx_word' id='word_1_138' title='bbox 584 3988 677 4047; x_wconf 76' lang='lat' dir='ltr'>ete</span> <span class='ocrx_word' id='word_1_139' title='bbox 704 3989 921 4047; x_wconf 80' lang='lat' dir='ltr'>confiee</span> <span class='ocrx_word' id='word_1_140' title='bbox 950 3988 1015 4071; x_wconf 66' lang='lat' dir='ltr'>la⁴</span> <span class='ocrx_word' id='word_1_141' title='bbox 1033 3990 1233 4048; x_wconf 79' lang='lat' dir='ltr'>tutelle</span> <span class='ocrx_word' id='word_1_142' title='bbox 1259 3990 1331 4047; x_wconf 88' lang='lat' dir='ltr'>de</span> <span class='ocrx_word' id='word_1_143' title='bbox 1348 3990 1588 4063; x_wconf 82' lang='lat' dir='ltr'>Hugues</span> <span class='ocrx_word' id='word_1_144' title='bbox 1610 3992 1683 4048; x_wconf 77' lang='lat'>10¹·</span> <span class='ocrx_word' id='word_1_145' title='bbox 1701 4010 1892 4048; x_wconf 78' lang='lat' dir='ltr'>encore</span> <span class='ocrx_word' id='word_1_146' title='bbox 1919 3994 2114 4063; x_wconf 72' lang='lat' dir='ltr'>ansam</span> <span class='ocrx_word' id='word_1_147' title='bbox 2147 3992 2330 4067; x_wconf 76' lang='lat' dir='ltr'>(apres</span> <span class='ocrx_word' id='word_1_148' title='bbox 2358 3993 2513 4063; x_wconf 82' lang='grc'><strong>1051)</strong></span> 
     </span>
     <span class='ocr_line' id='line_1_30' title="bbox 401 4078 2515 4154; baseline 0.002 -19"><span class='ocrx_word' id='word_1_149' title='bbox 401 4078 559 4148; x_wconf 78' lang='lat' dir='ltr'>(Gest.</span> <span class='ocrx_word' id='word_1_150' title='bbox 592 4080 865 4146; x_wconf 60' lang='lat' dir='ltr'>hetberti,</span> <span class='ocrx_word' id='word_1_151' title='bbox 899 4095 959 4137; x_wconf 90' lang='lat' dir='ltr'>n.</span> <span class='ocrx_word' id='word_1_152' title='bbox 992 4080 1046 4150; x_wconf 88' lang='lat'>8,</span> <span class='ocrx_word' id='word_1_153' title='bbox 1078 4096 1132 4153; x_wconf 90' lang='lat' dir='ltr'>p.</span> <span class='ocrx_word' id='word_1_154' title='bbox 1164 4080 1313 4151; x_wconf 80' lang='lat'>493),</span> <span class='ocrx_word' id='word_1_155' title='bbox 1343 4087 1405 4137; x_wconf 81' lang='lat' dir='ltr'>et.</span> <span class='ocrx_word' id='word_1_156' title='bbox 1429 4080 1528 4154; x_wconf 89' lang='lat' dir='ltr'>qui</span> <span class='ocrx_word' id='word_1_157' title='bbox 1556 4098 1618 4139; x_wconf 88' lang='lat' dir='ltr'>se</span> <span class='ocrx_word' id='word_1_158' title='bbox 1646 4086 1849 4138; x_wconf 77' lang='lat' dir='ltr'>trouva</span> <span class='ocrx_word' id='word_1_159' title='bbox 1875 4098 2081 4140; x_wconf 80' lang='lat' dir='ltr'>encore</span> <span class='ocrx_word' id='word_1_160' title='bbox 2109 4098 2268 4139; x_wconf 84' lang='lat' dir='ltr'>assez</span> <span class='ocrx_word' id='word_1_161' title='bbox 2291 4088 2416 4139; x_wconf 83' lang='lat' dir='ltr'>vert</span> <span class='ocrx_word' id='word_1_162' title='bbox 2439 4096 2515 4139; x_wconf 90' lang='lat' dir='ltr'>en</span> 
     </span>
     <span class='ocr_line' id='line_1_31' title="bbox 404 4166 2510 4245; baseline 0.002 -23"><span class='ocrx_word' id='word_1_163' title='bbox 404 4166 538 4223; x_wconf 87' lang='grc'><strong>1096</strong></span> <span class='ocrx_word' id='word_1_164' title='bbox 566 4184 709 4241; x_wconf 85' lang='lat' dir='ltr'>pour</span> <span class='ocrx_word' id='word_1_165' title='bbox 734 4167 977 4241; x_wconf 84' lang='lat' dir='ltr'>prendre</span> <span class='ocrx_word' id='word_1_166' title='bbox 1006 4167 1063 4224; x_wconf 85' lang='lat' dir='ltr'>la</span> <span class='ocrx_word' id='word_1_167' title='bbox 1083 4169 1239 4226; x_wconf 81' lang='lat' dir='ltr'>croix</span> <span class='ocrx_word' id='word_1_168' title='bbox 1262 4179 1321 4227; x_wconf 85' lang='lat' dir='ltr'>et</span> <span class='ocrx_word' id='word_1_169' title='bbox 1338 4168 1478 4227; x_wconf 86' lang='lat' dir='ltr'>aller</span> <span class='ocrx_word' id='word_1_170' title='bbox 1494 4186 1802 4245; x_wconf 82' lang='lat' dir='ltr'>guerroyer</span> <span class='ocrx_word' id='word_1_171' title='bbox 1819 4188 1895 4229; x_wconf 89' lang='lat' dir='ltr'>en</span> <span class='ocrx_word' id='word_1_172' title='bbox 1913 4177 2063 4228; x_wconf 81' lang='lat' dir='ltr'>terre</span> <span class='ocrx_word' id='word_1_173' title='bbox 2089 4172 2274 4228; x_wconf 78' lang='lat' dir='ltr'>sainte</span> <span class='ocrx_word' id='word_1_174' title='bbox 2303 4174 2510 4244; x_wconf 86' lang='lat' dir='ltr'>(comp.</span> 
     </span>
     <span class='ocr_line' id='line_1_32' title="bbox 328 4254 1166 4339; baseline 0.007 -29"><span class='ocrx_word' id='word_1_175' title='bbox 328 4330 341 4339; x_wconf 92' lang='lat'><strong>.</strong></span> <span class='ocrx_word' id='word_1_176' title='bbox 405 4254 531 4329; x_wconf 85' lang='lat' dir='ltr'>plus</span> <span class='ocrx_word' id='word_1_177' title='bbox 556 4254 698 4314; x_wconf 82' lang='lat' dir='ltr'>haut</span> <span class='ocrx_word' id='word_1_178' title='bbox 722 4273 777 4329; x_wconf 90' lang='lat' dir='ltr'>p.</span> <span class='ocrx_word' id='word_1_179' title='bbox 812 4258 899 4327; x_wconf 88' lang='grc'>10,</span> <span class='ocrx_word' id='word_1_180' title='bbox 930 4264 1063 4316; x_wconf 77' lang='lat' dir='ltr'>note</span> <span class='ocrx_word' id='word_1_181' title='bbox 1090 4256 1166 4329; x_wconf 76' lang='lat'>2).</span> 
     </span>
    </p>
   </div>
  </div>
 </body>
</html>
