3478 5438
980 516 1077 572 2³0
1929 507 2137 560 Gsssn

1423 652 1587 720 ante
1622 667 1825 718 suam
1861 641 2294 740 presentiam

986 769 1127 840 387
1520 757 1876 834 concessis
1911 757 2140 832 firmis
2173 757 2420 834 treviis

1424 875 1515 950 de
1548 873 1881 951 omnibus
1917 871 2217 949 inimicis

1426 1015 1652 1090 prope
1688 989 2102 1089 longe[que]
2141 988 2421 1089 positis,

988 1113 1129 1184 388
1520 1115 1600 1182 ut
1634 1105 1919 1205 cognito
1955 1105 2112 1180 illos
2141 1105 2329 1205 juste

1428 1221 1855 1296 imbannitos
1891 1221 2212 1296 extitisse

1415 1335 1565 1436 jam
1602 1335 1900 1433 profecti
1935 1335 2288 1410 tutissime

1426 1453 1561 1527 tuti
1598 1461 1896 1551 possent
1931 1458 2005 1525 et
2039 1450 2302 1526 redire.

990 1574 1131 1644 389
1523 1567 1733 1665 Apud
1771 1567 2344 1647 archidiaconum

1427 1684 1599 1760 dant
1632 1683 1828 1760 cives
1863 1682 2348 1758 vadimonium

1428 1799 1780 1875 subeundi
1809 1797 2156 1899 judicium

1426 1914 1516 1989 de
1552 1915 1764 2013 culpa
1795 1938 2040 1989 rerum
2077 1915 2418 2003 omnium,

993 2034 1135 2105 390
1528 2030 1657 2106 sed
1689 2031 1828 2104 nisi
1863 2029 1954 2105 de
1991 2031 2391 2105 communia

1430 2146 1677 2221 nolunt
1709 2147 1972 2222 offerre
2007 2145 2272 2220 trevias

1427 2269 1499 2335 et
1537 2259 1667 2335 nisi
1705 2261 1797 2337 de
1833 2261 2079 2336 militia

1427 2399 1570 2475 que
1605 2375 1697 2450 ad
1734 2401 1858 2450 eos
1890 2376 2264 2474 pertineat.

994 2492 1120 2562 391
1532 2489 1802 2580 Quibus
1838 2489 2060 2564 inscio
2094 2489 2352 2564 comite

1430 2604 1673 2702 presul
1710 2604 1967 2680 timens
2003 2629 2082 2679 se
2119 2605 2411 2680 credere

1431 2717 1523 2793 ad
1560 2719 1719 2795 illos
1759 2728 2021 2795 statuto
2057 2719 2174 2795 die

1432 2861 1572 2911 non
1613 2836 1962 2935 presumit
1998 2836 2361 2913 accedere.

994 2954 1138 3028 392
1527 2957 1673 3026 Nec
1710 2952 1803 3025 de
1841 2952 1997 3050 ipso
2033 2962 2182 3027 tam
2217 2952 2514 3029 timebat

1432 3091 1647 3164 quam
1680 3067 1771 3141 de
1808 3067 1943 3142 illis
1979 3092 2164 3166 quos
2197 3067 2482 3145 volebat

1431 3206 1675 3257 secum
1709 3207 1870 3259 esse
1905 3183 1996 3257 ad
2033 3182 2288 3281 placita

1432 3298 1855 3375 alterutrum
1891 3299 2260 3398 disposita.

996 3416 1137 3485 393
1531 3419 1722 3489 Tunc
1758 3416 2044 3513 quando
2079 3416 2272 3491 cives
2307 3416 2602 3491 audiunt

1434 3554 1576 3603 non
1611 3531 1855 3605 venire
1893 3530 2307 3629 episcopum

1432 3652 1643 3743 atque
1680 3645 1778 3719 illi
1816 3644 1908 3719 ad
1943 3646 2284 3745 placitum

1431 3760 1784 3858 proficisci
1823 3762 2049 3861 parati
2087 3772 2278 3849 sunt,

998 3870 1143 3947 394
1528 3877 1968 3953 conclamant
2003 3878 2138 3952 sibi
2173 3878 2428 3978 injuste

1434 3993 2026 4069 christianismum
2063 3995 2310 4071 tollere

1432 4108 1928 4208 immeritoque
1958 4109 2261 4208 perdere

1424 4223 1583 4324 jura
1623 4223 1799 4325 legis
1833 4224 2236 4301 catholicae.
