3478 5438
1247 536 1640 589 summam.
1673 539 1710 586 1.
2451 535 2539 590 117

421 685 576 749 tum
615 673 860 748 nolens
897 673 1152 748 inferre
1188 671 1694 748 detrimentum
1709 729 1728 760 ,
1772 669 2076 746 redemit
2120 696 2205 746 ca
2247 672 2339 746 de
2373 697 2543 771 pos-

419 790 738 864 sessione
774 789 1073 864 aliorum
1109 786 1547 863 reddituum.
2246 871 2253 876 ,

519 910 604 976 5.
653 909 776 976 De
817 907 1448 991 recuperatione
1480 905 1699 973 Novi
1737 905 2101 974 castelli.
2139 945 2239 960 -
2268 907 2369 977 De
2404 901 2542 977 alio

419 1019 687 1094 damno
743 1028 1074 1117 preterea
1132 1016 1327 1115 quod
1383 1017 1609 1091 multo
1665 1011 2011 1114 tempore'
2049 1041 2259 1115 passa
2316 1016 2545 1092 fuerat

419 1135 944 1212 Cameracensis
979 1133 1339 1221 aecclesia,
1384 1133 1649 1208 scilicet
1672 1131 1765 1206 de
1790 1138 1989 1206 Novo
2016 1131 2313 1208 Castello
2350 1140 2422 1206 et
2452 1132 2545 1207 de

419 1250 846 1339 castellania,
883 1249 1254 1326 consilium
1291 1247 1530 1347 querit
1562 1247 1940 1348 episcopus
1966 1274 2009 1321 a
2033 1247 2183 1322 suis
2214 1248 2545 1324 fidelibus

421 1366 902 1464 auxiliumque
966 1365 1302 1465 postulat.
1379 1363 1673 1440 Miratur
1731 1363 1920 1438 enim
1982 1373 2055 1436 et
2116 1387 2255 1452 non
2318 1372 2545 1439 cessat

421 1481 750 1556 meditari
787 1507 930 1579 quo
967 1479 1194 1580 magis
1231 1478 1514 1579 ingenio
1547 1478 1717 1553 illud
1758 1477 2097 1553 damnum
2131 1477 2547 1554 mirabiliter

421 1597 844 1696 impeditum
901 1603 1147 1695 posset
1203 1593 1554 1694 expediri.
1620 1593 1905 1668 Tercius
1959 1594 2151 1668 enim
2203 1595 2547 1670 Henricus

422 1714 813 1812 imperator
840 1711 1315 1786 castellaniam
1343 1711 1700 1788 Cameraci
1721 1713 2144 1806 Novumque
2173 1711 2547 1786 Castellum

423 1830 738 1906 secundo
763 1829 1080 1906 Roberto
1117 1827 1359 1902 comiti
1387 1825 1870 1900 Flandriarum
1898 1825 2067 1899 olim
2103 1835 2548 1902 concesserat

423 1945 590 2020 ideo
623 1943 1136 2044 possidendum
1175 1951 1254 2018 ut
1287 1942 1704 2041 episcopum
1731 1965 1965 2029 suum,
1995 1965 2211 2039 quem
2233 1943 2548 2018 mitteret

421 2060 614 2161 apud
643 2065 1127 2149 cameracum,
1161 2058 1537 2160 diligenter
1551 2057 1957 2146 sustineret,
1990 2066 2065 2132 et
2090 2065 2381 2145 terram,
2406 2083 2547 2156 que

423 2177 516 2252 ad
554 2202 854 2277 regnum
891 2201 1099 2252 suum
1126 2175 1460 2275 pertinet,
1492 2173 1772 2249 fidelius
1796 2173 2253 2249 custodirev.
2294 2177 2546 2251 Comes

423 2295 664 2392 itaque
689 2293 1042 2371 Robertus
1063 2293 1138 2366 in
1165 2316 1380 2366 manu
1409 2315 1538 2367 sua
1562 2290 1925 2366 castellum
1950 2290 2201 2380 tenuit,
2244 2300 2315 2364 et
2342 2295 2547 2391 Hugo

422 2410 518 2484 de
553 2409 936 2509 Osgiacho²
952 2464 970 2496 ,
1025 2409 1212 2483 filius
1248 2406 1563 2506 Hugonis
1599 2405 1953 2480 castellani
1988 2407 2539 2496 cameracensis,
2614 2423 2621 2428 “

424 2524 898 2600 castellaniam
933 2523 1122 2598 illam
1161 2550 1202 2598 a
1239 2523 1498 2597 comite
1543 2522 1675 2597 sibi
1721 2545 2127 2596 concessam
2173 2521 2441 2619 recepit
2474 2531 2547 2598 et

423 2639 729 2741 provide
765 2640 898 2715 sihi
934 2638 1326 2719 hominium
1362 2638 1647 2727 faciens,
1690 2636 2100 2712 fidelitatem
2128 2637 2367 2711 comiti
2396 2661 2547 2712 ser-

423 2780 596 2829 vare
614 2755 902 2854 juravit.
937 2757 1190 2829 Comes
1215 2779 1350 2854 pro
1378 2752 1779 2854 hujusmodi
1809 2753 2063 2828 crebro
2090 2754 2545 2829 cameracum

423 2869 788 2958 veniebat,
833 2869 1454 2946 cameracensibus
1489 2868 1859 2945 conferens
1889 2868 2227 2944 auxilium
2257 2868 2377 2944 ubi
2422 2894 2546 2944 ne-

425 2985 718 3060 cessitas
753 2984 1106 3085 exigebat.
1147 2984 1286 3059 Sed
1323 2982 1526 3059 brevi
1549 2984 1801 3059 vivens
1826 2993 2151 3083 tempore
2183 2984 2548 3084 profectus

425 3109 539 3177 est
595 3101 838 3176 Meldis
899 3101 1213 3200 quodam
1270 3101 1384 3175 die
1441 3102 1676 3177 subito
1735 3102 2088 3177 extinctus
2147 3112 2257 3178 est
2270 3104 2297 3149 ³
2362 3102 2549 3178 inter

502 3298 553 3353 1.
598 3296 798 3370 Comp.
831 3298 960 3369 plus
989 3294 1132 3353 haut
1158 3296 1296 3354 Gest.
1333 3296 1604 3363 Galcheri,
1640 3303 1738 3353 str.
1772 3294 1895 3354 528.

500 3386 552 3444 2.
593 3386 833 3460 Hugues
859 3384 920 3443 11
947 3386 1170 3461 d'Oisy‚
1213 3385 1306 3442 fils
1347 3384 1418 3443 de
1457 3385 1698 3461 Hugues
1733 3386 1831 3460 1⁸¹3
1875 3386 2089 3460 epousa
2124 3386 2433 3446 Heldriade
2473 3406 2549 3448 ou

426 3459 718 3531 Bedria'de
746 3473 1034 3548 (Diplome
1057 3472 1130 3532 de
1154 3474 1554 3533 confirmation
1581 3475 1652 3532 de
1681 3474 1737 3533 la
1764 3474 2065 3534 fondation
2092 3474 2164 3533 de
2195 3475 2451 3551 l’abbaye
2477 3477 2549 3535 de

427 3561 734 3621 Vaucelles
761 3578 864 3637 par
891 3562 1128 3637 Hugues
1159 3562 1219 3619 II
1249 3562 1450 3638 d³Oisy
1478 3569 1538 3623 et
1563 3563 1894 3622 Heldriade.
1926 3564 2204 3637 Miraeus,
2247 3566 2343 3637 op.
2384 3569 2544 3639 dipl„

426 3658 469 3708 t.
503 3650 612 3724 111,
643 3668 700 3725 p.
735 3652 848 3725 37),
879 3652 1052 3725 qu'on
1082 3649 1166 3709 dit
1191 3652 1350 3711 avoir
1381 3652 1478 3711 'ete
1515 3670 1670 3711 soeur
1705 3651 1927 3712 d'Isaac
1962 3654 2032 3712 de
2060 3654 2333 3713 Baudour
2367 3672 2443 3712 ou
2479 3655 2553 3713 de

427 3740 598 3798 Mons
628 3739 732 3813 (Le
760 3740 1114 3813 Carpentier,
1147 3744 1287 3799 Hist.
1319 3745 1383 3799 do
1413 3744 1701 3812 Gambrai,
1743 3751 1787 3801 t.
1818 3744 1877 3817 I,
1918 3750 2061 3818 part.
2102 3744 2159 3818 Ι,
2204 3763 2258 3819 p.
2288 3744 2449 3817 235),
2493 3752 2555 3802 et

425 3844 532 3903 par
559 3828 918 3903 consequent
945 3837 1104 3887 tante
1132 3831 1204 3888 de
1233 3830 1490 3905 l'eveque
1519 3831 1784 3904 NicolaS,
1815 3831 1957 3890 dont
1984 3832 2066 3890 les
2096 3832 2274 3891 Actes
2302 3850 2365 3890 se
2394 3839 2552 3891 trou-

427 3924 564 3975 vent
593 3918 628 3974 ὲ
656 3917 714 3974 la
741 3917 822 3973 fin
851 3918 922 3975 de
953 3926 1118 3977 notre
1146 3918 1474 3977 document.
1519 3919 1651 3977 Une
1679 3920 2013 3993 expression
2043 3921 2144 3994 qui
2171 3921 2395 3979 revient
2420 3920 2555 3995 plu-

429 4005 616 4063 sieurs
653 4006 762 4063 fois
793 4006 937 4063 dans
964 4024 1060 4065 ces
1088 4006 1268 4065 Actes
1317 4006 1593 4067 confirmo
1629 4008 1684 4067 le
1719 4008 1827 4066 fait
1862 4008 1933 4065 de
1970 4008 2027 4066 la
2062 4009 2275 4082 pruche
2320 4009 2554 4083 parents

431 4100 594 4151 entre
639 4095 695 4151 la
733 4095 945 4152 femme
986 4094 1057 4152 de
1097 4096 1338 4169 Hugues
1379 4096 1438 4153 II
1479 4096 1682 4171 d'Oisy
1723 4105 1784 4154 et
1826 4097 2058 4155 Nicolas
2102 4100 2254 4171 (θοαί.
2302 4101 2548 4167 Nicolai,

435 4188 536 4239 str.
569 4182 698 4254 202,
727 4183 854 4253 247,
883 4182 1010 4255 252,
1031 4182 1154 4253 268,
1180 4186 1327 4257 272),
1355 4184 1454 4259 qui
1477 4191 1568 4242 est
1583 4183 1662 4242 du
1685 4191 1835 4243 reste
1852 4186 2108 4244 affirmes
2126 4189 2557 4261 expressement

433 4288 538 4345 par
564 4272 837 4329 Lambert
865 4270 936 4329 de
963 4271 1262 4331 Watrelos
1295 4278 1496 4347 (comp.
1530 4276 1693 4347 ibid„
1724 4282 1861 4333 note
1885 4275 1917 4332 ὲ
1947 4275 2003 4332 la
2032 4282 2131 4333 str.
2164 4275 2309 4349 202).

509 4362 560 4418 3.
602 4359 744 4419 L'an
783 4362 920 4419 1116
953 4364 1178 4433 (Annal.
1211 4365 1546 4435 Aquict'nct„
1579 4382 1636 4438 p.
1682 4365 1805 4423 504.
1849 4396 1917 4409 —
1956 4365 2246 4424 Lamhert.
2283 4363 2553 4437 Watrel„
