3478 5438
1025 521 1114 576 132

1072 658 1162 728 67

1073 1118 1165 1187 68

1073 1577 1164 1649 69

1076 2043 1170 2112 70

1081 2504 1160 2575 71

1085 2966 1180 3040 72

1088 3427 1179 3496 73

973 3880 1188 3987 ,74

1978 509 2181 562 GESTA

1556 646 1704 722 Flet
1741 645 2044 720 rusticus
2078 650 2152 716 'et
2186 641 2521 729 clamitat,

1458 761 1608 837 sive
1642 760 1950 834 calorem
1966 757 2241 834 ’habeat

1459 878 1607 952 sive
1645 875 1868 975 frigus
1904 873 2270 962 sustineat,

1459 992 1690 1067 nudus
1727 990 1821 1066 ad
1855 991 2091 1064 sorum
2124 995 2495 1087 properat.

1557 1107 1760 1198 Quod
1797 1105 2113 1180 vendere
2150 1103 2362 1179 debet
2398 1103 2613 1178 homo

1462 1241 1605 1323 q'uo
1639 1229 1881 1321 potest
1914 1219 2159 1295 vendit
2194 1218 2463 1319 preci0,

1461 1338 1801 1414 sollicitus
1838 1362 1931 1410 ex
1967 1334 2208 1411 debito

1461 1453 1656 1552 quod
1691 1452 1906 1526 debet
1939 1475 2076 1549 pro
2113 1448 2441 1548 pedagiO.

1560 1568 1699 1644 Sed
1733 1567 1873 1642 hoe
1908 1569 2315 1665 frequenter
2350 1561 2606 1638 accidit

1461 1685 1654 1784 quod
1690 1684 1951 1784 pignus
1985 1683 2100 1755 vir
2136 1705 2300 1756 oum
2336 1678 2547 1754 rediit

1463 1799 1807 1876 rehabere
1844 1823 1985 1873 non
2022 1796 2255 1895 potuit

1466 1943 1600 2017 pro
1633 1923 1921 1990 moneta
1956 1937 2171 2012 quam
2208 1911 2463 1986 attulit.

1561 2037 1741 2107 Nam
1774 2029 2011 2106 famuli
2050 2027 2429 2127 nequitiae,

1467 2173 1634 2224 seva
1670 2147 1859 2245 pleni
1896 2143 2253 2244 cupidine,

1468 2287 1631 2339 eum
1667 2261 1920 2336 nolunt
1955 2261 2213 2360 pignus
2244 2256 2573 2345 reddere,

1468 2379 1907 2454 mentiuntur
1942 2373 2366 2475 perdidisse.

1568 2494 1638 2570 Si
1671 2493 1763 2567 de
1799 2492 1921 2567 tali
1956 2490 2209 2589 injuria

1471 2609 1759 2686 auditur
1793 2605 2237 2707 querimonia

1471 2728 1560 2802 ab
1597 2725 1883 2800 homine
1918 2723 2034 2797 vel
2072 2719 2356 2809 femina,

1470 2844 1633 2919 hine
1669 2841 1859 2917 nulla
1892 2841 1975 2915 fit
2004 2837 2309 2938 justicia.

1569 2959 1683 3033 Sic
1715 2979 1989 3057 pauper
2024 2978 2157 3053 per
2193 2950 2583 3028 dominium

1473 3074 1743 3150 nullum
1778 3073 2045 3147 habens
2082 3067 2423 3145 auxilium

1472 3189 1710 3290 perdit
1746 3210 2048 3287 cappam
2082 3185 2199 3260 vel
2234 3182 2527 3282 pallium

1473 3312 1775 3404 propter
1810 3324 2033 3379 unum
2070 3300 2467 3375 denarium.

1575 3426 1755 3494 Istos
1792 3417 2141 3519 planctus,
2184 3416 2311 3489 has
2347 3411 2700 3510 querela&

1477 3537 1608 3612 hos
1646 3534 1957 3635 dolores,
2000 3533 2127 3605 has
2163 3529 2489 3606 lacrimas

1478 3636 2005 3730 werimboldus
2040 3672 2173 3747 per
2206 3645 2553 3721 maximas

1477 3765 1863 3865 extirpavit
1895 3762 2259 3863 pecunias,

1578 3876 1988 3954 Burchardo
2024 3900 2332 3974 namque
2368 3871 2635 3973 presuli

1482 4004 1694 4094 atque
1731 3993 2125 4069 Fulehardo
2162 3990 2367 4065 militi

1489 4110 1578 4183 de
1616 4134 1745 4184 suo
1780 4117 2055 4184 tantum
2091 4106 2340 4181 tribuit

1491 4226 1684 4323 quod
1721 4224 2007 4299 feodum
2042 4220 2177 4297 hoc
2213 4220 2451 4295 diruit.
