3478 5438
997 419 1084 470 123
1952 417 2156 472 essm
2238 495 2241 499 ³

1431 551 1612 628 sicut
1644 551 1993 630 Zacheum
2028 551 2275 628 alium¹

1431 666 1609 742 vidit
1645 674 1720 744 et
1754 675 1835 742 ut
1868 667 2361 742 Cornelimn².‘

1039 781 1133 856 40
1527 787 1682 860 Jam
1719 805 2003 858 sacmm
2036 783 2295 861 flamen
2330 783 2615 882 proficit

1429 899 1622 997 quod
1659 899 1961 998 inspirat
1996 923 2213 997 quem
2247 897 2476 999 diligit
2518 927 2533 972 :

1427 1039 1591 1088 nam
1622 1023 1929 1114 uterque
1959 1015 2111 1114 jam
2146 1013 2449 1114 despicit

1426 1129 1765 1228 quicquid
1802 1129 2050 1206 mundi
2064 1131 2091 1176 ³
2129 1131 2407 1206 vanitas
2442 1130 2759 1206 contulit.

1035 1243 1115 1317 M
1524 1247 1583 1319 Ο
1615 1269 1749 1318 vos
1782 1269 2032 1320 omnes
2068 1243 2550 1332 Christicolae,

1422 1359 1632 1460 hujus
1667 1361 1806 1435 viri
1842 1369 1919 1435 et
1949 1360 2251 1434 feminae

1419 1474 1730 1564 inaudita
1768 1475 2108 1574 percipite
2154 1503 2168 1548 ε

1421 1615 1586 1665 nam
1623 1589 1715 1665 de
1751 1589 1864 1664 his
1896 1590 2023 1688 qui
2060 1597 2227 1666 sunt
2257 1589 2469 1666 hodie

1421 1727 1563 1782 non
1599 1729 1897 1806 possum
1931 1700 2129 1806 equa¹
2148 1705 2413 1781 dicere.
2446 1739 2449 1744 ·

1031 1819 1126 1896 42
1517 1822 1796 1898 Timore
1832 1845 2141 1921 namque
2178 1821 2428 1896 nimio⁴

1419 1939 1734 2014 exterriti
1775 1947 1939 2014 sunt
1973 1938 2047 2013 hi
2084 1936 2230 2013 duo

1419 2054 1510 2129 de
1547 2053 1662 2129 die
1695 2054 1987 2152 quidem
2020 2053 2271 2129 ultimo

1415 2171 1797 2269 futuroque
1825 2169 2119 2270 Judicio.

992 2288 1117 2374 ‚43
1271 2339 1274 2346 -
1513 2292 1602 2392 Ut
1637 2285 1984 2386 sequitur,
2018 2286 2169 2385 jam
2205 2287 2513 2386 cogitant

1412 2411 1494 2479 ut
1529 2403 1768 2478 seculo
1803 2402 2207 2478 renuntient

1413 2525 1486 2592 et
1520 2542 1612 2592 ex
1647 2524 1819 2592 voto
1847 2518 1999 2616 jam
2033 2523 2429 2617 properant

1413 2643 1496 2712 ut
1527 2635 1599 2711 in
1635 2634 1906 2712 mundo
1942 2635 2039 2710 nil
2076 2633 2407 2712 habeant.

1023 2750 1120 2825 44
1511 2751 1879 2826 Exhortati
1915 2776 2048 2851 per
2083 2749 2391 2850 plurima

1415 2866 1807 2966 scripturae
1842 2866 2324 2966 predicamina

1413 3006 1550 3082 pro
1585 2980 1842 3058 Christi
1880 2982 2187 3058 amicitia
2202 2983 2228 3027 ⁵

973 3210 1028 3269 le
1062 3211 1134 3269 20
1168 3211 1519 3286 septembre,
1559 3212 1795 3269 ailleurs
1836 3213 1889 3270 le
1932 3215 2015 3270 1⁰¹·
2040 3228 2115 3271 ou
2152 3212 2207 3271 le
2242 3213 2278 3269 ‘z
2318 3212 2629 3271 novembre
2666 3211 2761 3275 (V.
2802 3214 2919 3269 Act.
2966 3210 3085 3278 SS„

973 3306 1017 3357 t.
1055 3298 1137 3355 v1
1164 3300 1348 3373 Sept„
1377 3316 1435 3373 p.
1476 3300 1620 3371 114).
1672 3299 1766 3356 On
1804 3298 2117 3373 compi-end
2156 3300 2469 3374 aisement,
2504 3297 2542 3357 a
2578 3298 2635 3357 la
2670 3298 2885 3375 lecture
2920 3298 2992 3356 de
3026 3316 3090 3356 sa

972 3388 1242 3463 poetique
1271 3388 1510 3461 legende
1538 3390 1720 3461 (ibid,
1754 3406 1810 3463 p.
1845 3388 1947 3447 123
1978 3390 2148 3465 δρψ),
2179 3387 2319 3463 qu'il
2346 3390 2431 3447 ait
2465 3388 2557 3446 ete
2592 3388 2832 3463 regardo
2868 3405 3087 3447 comme

974 3477 1028 3535 le
1055 3485 1261 3551 patron
1287 3478 1388 3535 des
1417 3477 1662 3537 familles
1689 3478 1883 3537 riches
1912 3486 1971 3537 et
1996 3478 2245 3552 picuses.
2278 3478 2362 3537 Le
2390 3479 2663 3536 souvenir
2690 3478 2761 3537 de
2788 3478 3007 3537 Zacbee
3032 3488 3091 3535 et

973 3562 1044 3622 de
1063 3563 1346 3623 Gorneille
1369 3582 1432 3623 se
1457 3566 1773 3639 presentait
1799 3567 1956 3624 aussi
1994 3566 2105 3625 fort
2142 3565 2591 3626 naturellement
2628 3566 2775 3625 dans
2816 3582 2895 3625 un
2932 3566 3089 3639 eloge

972 3656 1050 3711 du
1078 3654 1193 3713 bon
1219 3671 1394 3729 usage
1424 3655 1526 3714 des
1554 3656 1861 3715 richesseS.
2100 3650 2106 3655 ⁴

1043 3744 1095 3800 1.
1137 3744 1335 3818 Comp.
1367 3748 1497 3803 Luc.
1531 3744 1708 3801 xlx.

1041 3832 1094 3891 2.
1137 3832 1335 3907 Comp.
1375 3838 1496 3892 Act.
1529 3835 1610 3907 X,
1643 3834 1698 3909 2,
1729 3838 1785 3893 4.

1041 3921 1094 3979 3.
1137 3922 1217 3980 Ce
1242 3929 1365 3980 mot
1391 3922 1616 3980 trouble
1647 3923 1701 3982 le
1729 3924 1915 3981 mette
1942 3929 2001 3981 et
2028 3922 2068 3981 il
2096 3922 2245 3981 n’est
2272 3940 2375 3999 pas
2402 3922 2727 3983 necessaire
2754 3940 2828 3981 au
2858 3939 3009 3982 sens.
3040 3921 3089 3979 11

969 4017 1059 4067 est
1083 4010 1300 4085 permis
1327 4008 1400 4069 de
1427 4012 1611 4069 croire
1638 4008 1782 4085 qu'il
1808 4028 1845 4069 a
1872 4010 1963 4069 ete
1992 4013 2181 4087 ajoute
2208 4028 2310 4087 par
2336 4030 2413 4071 un
2444 4014 2681 4086 copiste.

1041 4100 1089 4155 4.
1135 4104 1332 4157 nimio,
1365 4100 1528 4158 Dans
1558 4098 1612 4158 le
1639 4116 1752 4157 ms.
1784 4105 2023 4158 nimine.

1043 4188 1092 4244 5.
1127 4188 1209 4246 Le
1235 4206 1342 4246 ms.
1377 4196 1540 4263 porte
1565 4193 1853 4246 amacitia.
