3478 5438
980 595 1127 676 240

978 1059 1108 1134 244

975 1521 1121 1600 242

974 1984 1118 2065 243

971 2677 1116 2759 245

971 3142 1117 3222 246

972 3601 1117 3681 247

968 4062 1113 4141 248

1929 455 2138 506 cusu

1518 617 1648 668 nec
1683 599 2020 666 extemus
2049 587 2406 662 civitatem

1416 710 1910 809 ingrederetur
1947 703 2302 802 quispiam

1418 824 1553 900 nisi
1588 847 1723 923 per
1758 821 1996 919 ipsum
2027 823 2414 919 Symonem

1415 947 1539 1015 aut
1568 963 1703 1038 per
1738 936 2170 1012 conductum
2203 933 2538 1032 aliquem.

1512 1055 1627 1132 Sic
1660 1053 1910 1130 civitas
1945 1049 2448 1126 circumclausa

1304 1259 1313 1272 ,
1416 1195 1645 1270 neque
1680 1169 1872 1243 intus
1907 1191 2138 1264 neque
2173 1173 2378 1241 extra

1412 1286 1679 1360 valeret
1712 1281 2107 1358 necessaria

1412 1425 1748 1478 exercere
1783 1398 2092 1500 negotia.

1512 1516 1844 1616 Intelligit
1875 1514 2252 1612 episcopus

1413 1634 1605 1733 quod
1641 1657 1896 1707 verum
1931 1629 2105 1704 dicit
2139 1626 2447 1727 populus
2463 1681 2483 1714 ‚

1413 1749 1541 1826 sed
1575 1775 1618 1824 a
1654 1752 1966 1847 Symone
2002 1753 2288 1821 coactus

1414 1872 1495 1941 ut
1529 1863 1847 1941 attendat
1884 1859 2102 1936 fidem
2137 1859 2319 1959 ejus,

1510 1980 1570 2056 si
1608 1979 1906 2054 deberet
1939 1975 2208 2051 exulari

1409 2105 1483 2171 et
1516 2093 1816 2171 adversa
1851 2093 2072 2166 multa
2107 2090 2254 2191 pati

1410 2221 1485 2287 et
1520 2211 1609 2286 ab
1644 2211 1918 2284 honore
1953 2205 2243 2305 deponi,

1508 2333 1795 2425 oportet
1829 2333 2069 2398 tamen
2103 2319 2462 2421 presulem

1413 2452 1535 2520 aut
1569 2441 1930 2516 volentem
1965 2447 2089 2514 aut
2123 2439 2480 2512 nolentem

1408 2581 1836 2634 conservare
1871 2578 2074 2630 suam
2111 2552 2385 2630 fidem..

1512 2679 1686 2749 Nam
1720 2670 2097 2747 consulunt
2133 2668 2268 2744 sibi
2299 2687 2548 2742 omnes

1382 2787 1846 2888 ·a1·chipresul
1882 2796 1956 2861 et
1989 2785 2312 2886 presules

1408 2914 1490 2981 ut
1524 2912 1854 2979 servetur
1889 2901 2054 2977 data
2087 2901 2294 2987 fides,

1408 3020 1725 3119 talesque
1761 3017 1987 3092 donet
2020 3015 2308 3091 obsides

1508 3140 1776 3235 Symon
1813 3134 1927 3208 ille
1963 3133 2055 3207 de
2091 3131 2380 3206 castello

1409 3251 1605 3351 quod
1642 3248 1884 3349 presul
1922 3257 1997 3323 et
2031 3245 2435 3323 communio

1407 3370 1549 3445 sint
1583 3366 1800 3467 positi
1833 3366 1908 3439 in
1945 3389 2196 3440 securo

1408 3483 1541 3559 sub
1578 3491 1904 3580 tempore
1943 3488 2314 3579 perpetuo,

1510 3604 1612 3673 Ita
1649 3598 1940 3672 mandat
1970 3595 2058 3670 ad
2097 3594 2468 3670 Thumium

1408 3724 1746 3816 nepotem
1778 3712 2024 3788 venire
2061 3738 2270 3787 suum

1406 3832 1725 3929 recipere
1757 3827 2298 3903 Sanctobertum

1406 3945 1861 4021 concessione
1895 3944 2158 4018 civium

1504 4070 1578 4135 et
1609 4058 1898 4135 obsides
1933 4059 2273 4133 exhibere

1407 4185 1486 4251 ut
1521 4173 2004 4273 spoponderat
2039 4176 2274 4248 facere
