3478 5438
417 977 576 1052 .40

476 1435 558 1508 41

467 2822 564 2896 44

464 3746 559 3819 46

461 4208 560 4282 47

1349 497 1623 552 mooun.

871 631 1320 731 ostenditque
1353 655 1488 732 per
1519 657 1741 734 opera

869 748 1035 847 quia
1066 748 1196 824 sibi
1235 771 1382 823 non
1415 758 1526 823 est
1561 773 1732 827 eura

867 861 958 938 de
990 863 1324 963 pastorali
1359 865 1613 965 gratim

969 983 1260 1054 Tei-mm
1293 1003 1494 1056 suam
1529 989 1604 1055 et
1638 983 2003 1060 castellum

869 1091 1002 1168 sibi
1040 1100 1235 1169 tenet
1270 1103 1349 1168 ut
1383 1094 1783 1193 proprium,

865 1207 1124 1282 tun-im
1156 1231 1332 1282 vero
1369 1231 1571 1311 sunm
1606 1209 1901 1286 domum

867 1323 1032 1398 facit
1067 1331 1316 1400 eontra
1349 1323 1793 1422 episcopum.

965 1441 1126 1537 Ipse
1161 1443 1493 1538 nequam,
1523 1439 1839 1516 infidelis

865 1561 938 1628 et
971 1554 1186 1630 homo
1221 1555 1686 1646 detestabilis,

865 1678 1101 1770 captet
1133 1671 1331 1748 viros
1365 1697 1533 1750 eum
1563 1673 1811 1749 bestiis

804 1821 810 1826 ·
861 1794 934 1860 et
967 1785 1292 1865 redditus
1323 1787 1708 1886 pontificis.

958 1901 1166 1976 Modo
1201 1901 1442 2001 perdit
1473 1903 1855 2002 episeopus

859 2015 1038 2090 Novi
1073 2016 1352 2093 castelli
1385 2017 1709 2094 redditus

858 2129 1356 2230 humiliterque
1392 2131 1664 2231 patitur

857 2247 1050 2345 quod
1089 2272 1216 2322 sua
1251 2271 1428 2348 gens
1461 2248 1823 2348 affligitur.

957 2362 1296 2438 Mirantur
1331 2365 1440 2438 sui
1475 2364 1799 2440 homines

857 2501 1078 2576 quare
1111 2486 1260 2554 tum
1293 2477 1418 2554 diu
1452 2479 1754 2556 sustinet

858 2594 1021 2691 quia
1059 2593 1417 2670 Gerardus
1450 2595 1770 2694 possidet

857 2715 1167 2785 oestrum
1205 2710 1400 2809 quod
1437 2709 1572 2785 sibi
1607 2710 1944 2809 pertinet.

952 2829 1286 2927 Ignorant
1323 2827 1477 2926 ejus
1513 2827 1827 2902 animum

855 2949 930 3015 et
961 2941 1284 3017 divinum
1319 2942 1690 3018 consilium

855 3057 977 3155 qui
1014 3056 1338 3133 locuntur
1374 3058 1792 3133 alterutrum

855 3173 1048 3271 quod
1085 3198 1229 3248 non
1266 3174 1535 3247 invadit
1565 3173 1951 3272 perfidum.
1972 3268 1993 3283 ·

953 3293 1178 3380 Quem
1207 3288 1450 3364 sitiunt
1485 3290 1851 3387 requirere

855 3428 1019 3478 eum
1053 3427 1309 3505 magna
1341 3402 1751 3477 fortitudine

857 3526 930 3592 et
965 3517 1056 3592 de
1091 3526 1324 3591 castro
1361 3517 1719 3616 expellere

855 3640 1231 3731 terraeque
1267 3656 1516 3731 pacem
1554 3633 1809 3706 faeere.

951 3752 1234 3846 Spectat
1268 3747 1573 3846 simplex
1610 3746 1989 3845 episeopus

850 3871 924 3937 et
952 3862 1292 3961 quioquid
1327 3862 1420 3937 de
1451 3862 1851 3937 redditibus

851 3986 924 4053 et
958 3977 1050 4053 de
1086 3978 1234 4053 suis
1268 3976 1673 4053 hominibus

853 4092 1210 4169 Gerardus
1247 4094 1388 4193 agit
1425 4093 1716 4192 impius,

948 4208 1190 4284 Credit
1223 4208 1412 4283 enim
1449 4208 1789 4285 malitiam

2459 489 2545 560 179
