<?xml version="1.0" encoding="UTF-8"?>
<!DOCTYPE html PUBLIC "-//W3C//DTD XHTML 1.0 Transitional//EN"
    "http://www.w3.org/TR/xhtml1/DTD/xhtml1-transitional.dtd">
<html xmlns="http://www.w3.org/1999/xhtml" xml:lang="en" lang="en">
 <head>
  <title>
</title>
<meta http-equiv="Content-Type" content="text/html;charset=utf-8" />
  <meta name='ocr-system' content='tesseract 3.04.00' />
  <meta name='ocr-capabilities' content='ocr_page ocr_carea ocr_par ocr_line ocrx_word'/>
</head>
<body>
  <div class='ocr_page' id='page_1' title='image "./gestesdesvquesd01unkngoog_0290.png"; bbox 0 0 3478 5438; ppageno 0'>
   <div class='ocr_carea' id='block_1_1' title="bbox 928 425 2079 487">
    <p class='ocr_par' dir='ltr' id='par_1_1' title="bbox 928 425 2079 487">
     <span class='ocr_line' id='line_1_1' title="bbox 928 425 2079 487; baseline -0.006 0"><span class='ocrx_word' id='word_1_1' title='bbox 928 434 1023 487; x_wconf 74' lang='lat'><strong>238</strong></span> <span class='ocrx_word' id='word_1_2' title='bbox 1650 425 1661 435; x_wconf 83' lang='lat'><strong>&#39;</strong></span> <span class='ocrx_word' id='word_1_3' title='bbox 1869 427 2079 481; x_wconf 66' lang='lat' dir='ltr'><strong>GmA</strong></span> 
     </span>
    </p>
   </div>
   <div class='ocr_carea' id='block_1_2' title="bbox 930 560 2500 1816">
    <p class='ocr_par' dir='ltr' id='par_1_2' title="bbox 930 560 2500 1816">
     <span class='ocr_line' id='line_1_2' title="bbox 1368 560 2230 661; baseline 0 -26"><span class='ocrx_word' id='word_1_4' title='bbox 1368 560 1689 661; x_wconf 73' lang='lat' dir='ltr'>precepit</span> <span class='ocrx_word' id='word_1_5' title='bbox 1723 584 1853 635; x_wconf 83' lang='lat' dir='ltr'><strong>rex</strong></span> <span class='ocrx_word' id='word_1_6' title='bbox 1891 561 2230 659; x_wconf 85' lang='lat' dir='ltr'><strong>episcopo</strong></span> 
     </span>
     <span class='ocr_line' id='line_1_3' title="bbox 1364 676 2137 775; baseline -0.004 -22"><span class='ocrx_word' id='word_1_7' title='bbox 1364 687 1447 753; x_wconf 86' lang='lat' dir='ltr'><strong>ut</strong></span> <span class='ocrx_word' id='word_1_8' title='bbox 1479 677 1666 752; x_wconf 90' lang='lat' dir='ltr'><strong>bona</strong></span> <span class='ocrx_word' id='word_1_9' title='bbox 1702 701 1833 751; x_wconf 86' lang='lat' dir='ltr'><strong>suo</strong></span> <span class='ocrx_word' id='word_1_10' title='bbox 1867 676 2137 775; x_wconf 88' lang='lat' dir='ltr'><strong>populo</strong></span> 
     </span>
     <span class='ocr_line' id='line_1_4' title="bbox 1366 792 2114 869; baseline -0.001 -1"><span class='ocrx_word' id='word_1_11' title='bbox 1366 795 1776 869; x_wconf 81' lang='lat' dir='ltr'><strong>conferatur</strong></span> <span class='ocrx_word' id='word_1_12' title='bbox 1805 792 2114 867; x_wconf 87' lang='lat' dir='ltr'><strong>dilectio.</strong></span> 
     </span>
     <span class='ocr_line' id='line_1_5' title="bbox 930 907 2424 1008; baseline -0.001 -21"><span class='ocrx_word' id='word_1_13' title='bbox 930 911 1077 987; x_wconf 86' lang='grc'><strong>443</strong></span> <span class='ocrx_word' id='word_1_14' title='bbox 1466 908 1792 1007; x_wconf 77' lang='lat' dir='ltr'><strong>Precepit</strong></span> <span class='ocrx_word' id='word_1_15' title='bbox 1825 932 2113 1008; x_wconf 85' lang='lat' dir='ltr'><strong>quoque</strong></span> <span class='ocrx_word' id='word_1_16' title='bbox 2147 907 2424 985; x_wconf 81' lang='lat' dir='ltr'><strong>civibus</strong></span> 
     </span>
     <span class='ocr_line' id='line_1_6' title="bbox 1000 1024 2198 1123; baseline -0.003 -22"><span class='ocrx_word' id='word_1_17' title='bbox 1000 1028 1009 1040; x_wconf 86' lang='grc'><em>“</em></span> <span class='ocrx_word' id='word_1_18' title='bbox 1366 1033 1449 1101; x_wconf 92' lang='lat' dir='ltr'><strong>ut</strong></span> <span class='ocrx_word' id='word_1_19' title='bbox 1480 1024 1625 1100; x_wconf 88' lang='lat' dir='ltr'><strong>fide</strong></span> <span class='ocrx_word' id='word_1_20' title='bbox 1660 1031 1733 1099; x_wconf 86' lang='lat' dir='ltr'><strong>et</strong></span> <span class='ocrx_word' id='word_1_21' title='bbox 1767 1024 2104 1123; x_wconf 81' lang='lat' dir='ltr'><strong>operibus</strong></span> <span class='ocrx_word' id='word_1_22' title='bbox 2189 1057 2198 1068; x_wconf 88' lang='lat'><strong>·</strong></span> 
     </span>
     <span class='ocr_line' id='line_1_7' title="bbox 1364 1139 2168 1239; baseline -0.002 -22"><span class='ocrx_word' id='word_1_23' title='bbox 1364 1142 1756 1217; x_wconf 82' lang='lat' dir='ltr'><strong>honoretur</strong></span> <span class='ocrx_word' id='word_1_24' title='bbox 1789 1139 2168 1239; x_wconf 87' lang='lat' dir='ltr'><strong>episcopus</strong></span> 
     </span>
     <span class='ocr_line' id='line_1_8' title="bbox 1368 1253 2301 1332; baseline -0.002 -1"><span class='ocrx_word' id='word_1_25' title='bbox 1368 1256 1551 1332; x_wconf 85' lang='lat' dir='ltr'><strong>sicut</strong></span> <span class='ocrx_word' id='word_1_26' title='bbox 1584 1255 1801 1331; x_wconf 86' lang='lat' dir='ltr'><strong>debet</strong></span> <span class='ocrx_word' id='word_1_27' title='bbox 1834 1254 1907 1328; x_wconf 91' lang='lat' dir='ltr'><strong>in</strong></span> <span class='ocrx_word' id='word_1_28' title='bbox 1943 1253 2301 1330; x_wconf 84' lang='lat' dir='ltr'><strong>omnibus.</strong></span> 
     </span>
     <span class='ocr_line' id='line_1_9' title="bbox 930 1369 2500 1471; baseline -0.003 -22"><span class='ocrx_word' id='word_1_29' title='bbox 930 1372 1079 1450; x_wconf 86' lang='grc'><strong>444</strong></span> <span class='ocrx_word' id='word_1_30' title='bbox 1466 1378 1758 1449; x_wconf 74' lang='lat' dir='ltr'><strong>Ten-am</strong></span> <span class='ocrx_word' id='word_1_31' title='bbox 1793 1369 2002 1445; x_wconf 88' lang='lat' dir='ltr'><strong>simul</strong></span> <span class='ocrx_word' id='word_1_32' title='bbox 2037 1370 2461 1460; x_wconf 75' lang='lat' dir='ltr'><strong>custodiant,</strong></span> <span class='ocrx_word' id='word_1_33' title='bbox 2493 1459 2500 1471; x_wconf 19' lang='grc' dir='ltr'>ι</span> 
     </span>
     <span class='ocr_line' id='line_1_10' title="bbox 1367 1485 2428 1586; baseline -0.002 -23"><span class='ocrx_word' id='word_1_34' title='bbox 1367 1496 1598 1563; x_wconf 84' lang='lat' dir='ltr'><strong>castra</strong></span> <span class='ocrx_word' id='word_1_35' title='bbox 1634 1510 1816 1586; x_wconf 90' lang='lat' dir='ltr'><strong>quae</strong></span> <span class='ocrx_word' id='word_1_36' title='bbox 1853 1494 2110 1561; x_wconf 81' lang='lat' dir='ltr'><strong>nocent</strong></span> <span class='ocrx_word' id='word_1_37' title='bbox 2145 1485 2428 1563; x_wconf 78' lang='lat' dir='ltr'><strong>diruant</strong></span> 
     </span>
     <span class='ocr_line' id='line_1_11' title="bbox 1364 1602 2346 1703; baseline 0.001 -26"><span class='ocrx_word' id='word_1_38' title='bbox 1364 1612 1487 1678; x_wconf 88' lang='lat' dir='ltr'><strong>aut</strong></span> <span class='ocrx_word' id='word_1_39' title='bbox 1520 1627 1737 1703; x_wconf 86' lang='lat' dir='ltr'><strong>super</strong></span> <span class='ocrx_word' id='word_1_40' title='bbox 1772 1602 1881 1677; x_wconf 87' lang='lat' dir='ltr'><strong>his</strong></span> <span class='ocrx_word' id='word_1_41' title='bbox 1917 1626 2007 1677; x_wconf 91' lang='lat' dir='ltr'><strong>ne</strong></span> <span class='ocrx_word' id='word_1_42' title='bbox 2043 1613 2346 1678; x_wconf 86' lang='lat' dir='ltr'><strong>noceant</strong></span> 
     </span>
     <span class='ocr_line' id='line_1_12' title="bbox 1368 1718 2111 1816; baseline 0 -23"><span class='ocrx_word' id='word_1_43' title='bbox 1368 1719 1703 1795; x_wconf 87' lang='lat' dir='ltr'><strong>fiduciam</strong></span> <span class='ocrx_word' id='word_1_44' title='bbox 1739 1718 2111 1816; x_wconf 73' lang='lat' dir='ltr'><strong>accipiant.</strong></span> 
     </span>
    </p>
   </div>
   <div class='ocr_carea' id='block_1_3' title="bbox 931 1833 2389 2393">
    <p class='ocr_par' dir='ltr' id='par_1_3' title="bbox 931 1833 2389 2393">
     <span class='ocr_line' id='line_1_13' title="bbox 931 1833 2190 1923; baseline -0.002 -11"><span class='ocrx_word' id='word_1_45' title='bbox 931 1837 1076 1913; x_wconf 78' lang='grc'><strong>445</strong></span> <span class='ocrx_word' id='word_1_46' title='bbox 1464 1834 1750 1911; x_wconf 83' lang='lat' dir='ltr'><strong>Justicia</strong></span> <span class='ocrx_word' id='word_1_47' title='bbox 1785 1833 1876 1908; x_wconf 88' lang='lat' dir='ltr'><strong>de</strong></span> <span class='ocrx_word' id='word_1_48' title='bbox 1911 1833 2190 1923; x_wconf 86' lang='lat' dir='ltr'><strong>casatis,</strong></span> 
     </span>
     <span class='ocr_line' id='line_1_14' title="bbox 1368 1948 2120 2027; baseline -0.003 0"><span class='ocrx_word' id='word_1_49' title='bbox 1368 1950 1707 2027; x_wconf 78' lang='lat' dir='ltr'><strong>militibus</strong></span> <span class='ocrx_word' id='word_1_50' title='bbox 1741 1957 1815 2025; x_wconf 85' lang='lat' dir='ltr'><strong>et</strong></span> <span class='ocrx_word' id='word_1_51' title='bbox 1849 1948 2120 2025; x_wconf 79' lang='lat' dir='ltr'><strong>clericis</strong></span> 
     </span>
     <span class='ocr_line' id='line_1_15' title="bbox 1368 2064 2036 2142; baseline -0.006 0"><span class='ocrx_word' id='word_1_52' title='bbox 1368 2075 1443 2142; x_wconf 85' lang='lat' dir='ltr'><strong>et</strong></span> <span class='ocrx_word' id='word_1_53' title='bbox 1474 2090 1726 2141; x_wconf 90' lang='lat' dir='ltr'><strong>eorum</strong></span> <span class='ocrx_word' id='word_1_54' title='bbox 1757 2064 2036 2139; x_wconf 80' lang='lat' dir='ltr'><strong>familiis</strong></span> 
     </span>
     <span class='ocr_line' id='line_1_16' title="bbox 1368 2178 2234 2278; baseline -0.002 -23"><span class='ocrx_word' id='word_1_55' title='bbox 1368 2180 1460 2256; x_wconf 85' lang='lat' dir='ltr'><strong>sit</strong></span> <span class='ocrx_word' id='word_1_56' title='bbox 1494 2180 1565 2254; x_wconf 91' lang='lat' dir='ltr'><strong>in</strong></span> <span class='ocrx_word' id='word_1_57' title='bbox 1604 2204 1818 2254; x_wconf 86' lang='lat' dir='ltr'><strong>manu</strong></span> <span class='ocrx_word' id='word_1_58' title='bbox 1855 2178 2234 2278; x_wconf 79' lang='lat' dir='ltr'><strong>pontificis.</strong></span> 
     </span>
     <span class='ocr_line' id='line_1_17' title="bbox 931 2294 2389 2393; baseline -0.002 -21"><span class='ocrx_word' id='word_1_59' title='bbox 931 2296 1077 2372; x_wconf 89' lang='grc'><strong>446</strong></span> <span class='ocrx_word' id='word_1_60' title='bbox 1467 2301 1601 2370; x_wconf 86' lang='lat' dir='ltr'><strong>Per</strong></span> <span class='ocrx_word' id='word_1_61' title='bbox 1632 2295 1762 2370; x_wconf 86' lang='lat' dir='ltr'><strong>has</strong></span> <span class='ocrx_word' id='word_1_62' title='bbox 1799 2295 1992 2393; x_wconf 89' lang='lat' dir='ltr'><strong>pacis</strong></span> <span class='ocrx_word' id='word_1_63' title='bbox 2029 2294 2389 2393; x_wconf 78' lang='lat' dir='ltr'><strong>pactiones</strong></span> 
     </span>
    </p>
   </div>
   <div class='ocr_carea' id='block_1_4' title="bbox 931 2408 2493 3898">
    <p class='ocr_par' dir='ltr' id='par_1_4' title="bbox 931 2408 2493 3898">
     <span class='ocr_line' id='line_1_18' title="bbox 1368 2408 2220 2509; baseline 0.001 -25"><span class='ocrx_word' id='word_1_64' title='bbox 1368 2410 1610 2509; x_wconf 89' lang='lat' dir='ltr'><strong>presul</strong></span> <span class='ocrx_word' id='word_1_65' title='bbox 1648 2419 1721 2485; x_wconf 86' lang='lat' dir='ltr'><strong>et</strong></span> <span class='ocrx_word' id='word_1_66' title='bbox 1756 2408 1863 2485; x_wconf 89' lang='lat' dir='ltr'><strong>sui</strong></span> <span class='ocrx_word' id='word_1_67' title='bbox 1898 2410 2220 2485; x_wconf 88' lang='lat' dir='ltr'><strong>homines</strong></span> 
     </span>
     <span class='ocr_line' id='line_1_19' title="bbox 1366 2526 2196 2601; baseline 0 0"><span class='ocrx_word' id='word_1_68' title='bbox 1366 2526 1593 2601; x_wconf 83' lang='lat' dir='ltr'><strong>effecti</strong></span> <span class='ocrx_word' id='word_1_69' title='bbox 1628 2534 1794 2601; x_wconf 88' lang='lat' dir='ltr'><strong>sunt</strong></span> <span class='ocrx_word' id='word_1_70' title='bbox 1830 2526 2196 2601; x_wconf 85' lang='lat' dir='ltr'><strong>unanimes</strong></span> 
     </span>
     <span class='ocr_line' id='line_1_20' title="bbox 1370 2642 2322 2717; baseline -0.002 0"><span class='ocrx_word' id='word_1_71' title='bbox 1370 2644 1828 2717; x_wconf 85' lang='lat' dir='ltr'><strong>Cameracum</strong></span> <span class='ocrx_word' id='word_1_72' title='bbox 1859 2650 2256 2717; x_wconf 82' lang='lat' dir='ltr'><strong>remeantes</strong></span> <span class='ocrx_word' id='word_1_73' title='bbox 2269 2642 2290 2689; x_wconf 90' lang='lat'>¹</span> <span class='ocrx_word' id='word_1_74' title='bbox 2305 2696 2322 2715; x_wconf 90' lang='lat'><strong>.</strong></span> 
     </span>
     <span class='ocr_line' id='line_1_21' title="bbox 931 2758 2416 2835; baseline -0.002 0"><span class='ocrx_word' id='word_1_75' title='bbox 931 2759 1079 2835; x_wconf 87' lang='grc'><strong>447</strong></span> <span class='ocrx_word' id='word_1_76' title='bbox 1466 2763 1565 2834; x_wconf 90' lang='lat' dir='ltr'><strong>De</strong></span> <span class='ocrx_word' id='word_1_77' title='bbox 1597 2759 1729 2832; x_wconf 82' lang='lat' dir='ltr'><strong>hac</strong></span> <span class='ocrx_word' id='word_1_78' title='bbox 1763 2766 2001 2832; x_wconf 89' lang='lat' dir='ltr'><strong>tamen</strong></span> <span class='ocrx_word' id='word_1_79' title='bbox 2036 2758 2416 2834; x_wconf 88' lang='lat' dir='ltr'><strong>concordia</strong></span> 
     </span>
     <span class='ocr_line' id='line_1_22' title="bbox 1372 2873 2376 2974; baseline 0.001 -26"><span class='ocrx_word' id='word_1_80' title='bbox 1372 2875 1555 2949; x_wconf 76' lang='lat' dir='ltr'><strong>facta</strong></span> <span class='ocrx_word' id='word_1_81' title='bbox 1590 2873 1663 2948; x_wconf 87' lang='lat' dir='ltr'><strong>in</strong></span> <span class='ocrx_word' id='word_1_82' title='bbox 1698 2873 1890 2974; x_wconf 83' lang='lat' dir='ltr'><strong>regis</strong></span> <span class='ocrx_word' id='word_1_83' title='bbox 1927 2875 2121 2949; x_wconf 85' lang='lat' dir='ltr'><strong>curia</strong></span> <span class='ocrx_word' id='word_1_84' title='bbox 2369 2877 2376 2888; x_wconf 62' lang='lat'>⁴</span> 
     </span>
     <span class='ocr_line' id='line_1_23' title="bbox 1370 2986 2165 3064; baseline 0.004 -3"><span class='ocrx_word' id='word_1_85' title='bbox 1370 2986 1501 3064; x_wconf 81' lang='lat' dir='ltr'><strong>fuit</strong></span> <span class='ocrx_word' id='word_1_86' title='bbox 1536 2987 1788 3064; x_wconf 90' lang='lat' dir='ltr'><strong>dolens</strong></span> <span class='ocrx_word' id='word_1_87' title='bbox 1819 2997 1891 3063; x_wconf 91' lang='lat' dir='ltr'><strong>et</strong></span> <span class='ocrx_word' id='word_1_88' title='bbox 1925 2988 2165 3064; x_wconf 82' lang='lat' dir='ltr'><strong>invida</strong></span> 
     </span>
     <span class='ocr_line' id='line_1_24' title="bbox 1368 3103 2162 3202; baseline 0.001 -25"><span class='ocrx_word' id='word_1_89' title='bbox 1368 3111 1583 3202; x_wconf 83' lang='lat' dir='ltr'><strong>atque</strong></span> <span class='ocrx_word' id='word_1_90' title='bbox 1617 3103 2162 3180; x_wconf 82' lang='lat' dir='ltr'><strong>contradictoria</strong></span> 
     </span>
     <span class='ocr_line' id='line_1_25' title="bbox 932 3219 2493 3300; baseline 0.002 -3"><span class='ocrx_word' id='word_1_91' title='bbox 932 3219 1079 3297; x_wconf 87' lang='grc'><strong>448</strong></span> <span class='ocrx_word' id='word_1_92' title='bbox 1470 3221 1756 3296; x_wconf 86' lang='lat' dir='ltr'><strong>illorum</strong></span> <span class='ocrx_word' id='word_1_93' title='bbox 1790 3219 1998 3296; x_wconf 84' lang='lat' dir='ltr'><strong>turba</strong></span> <span class='ocrx_word' id='word_1_94' title='bbox 2033 3220 2294 3296; x_wconf 82' lang='lat' dir='ltr'><strong>civium</strong></span> <span class='ocrx_word' id='word_1_95' title='bbox 2487 3293 2493 3300; x_wconf 90' lang='lat'><em>.</em></span> 
     </span>
     <span class='ocr_line' id='line_1_26' title="bbox 1368 3333 2455 3434; baseline 0.002 -26"><span class='ocrx_word' id='word_1_96' title='bbox 1368 3335 1493 3434; x_wconf 90' lang='lat' dir='ltr'><strong>qui</strong></span> <span class='ocrx_word' id='word_1_97' title='bbox 1528 3335 1721 3434; x_wconf 87' lang='lat' dir='ltr'><strong>passi</strong></span> <span class='ocrx_word' id='word_1_98' title='bbox 1751 3343 1918 3412; x_wconf 86' lang='lat' dir='ltr'><strong>sunt</strong></span> <span class='ocrx_word' id='word_1_99' title='bbox 1951 3333 2455 3410; x_wconf 84' lang='lat' dir='ltr'><strong>detrimentum</strong></span> 
     </span>
     <span class='ocr_line' id='line_1_27' title="bbox 1369 3451 2276 3527; baseline -0.001 -2"><span class='ocrx_word' id='word_1_100' title='bbox 1369 3459 1518 3525; x_wconf 76' lang='lat' dir='ltr'><strong>tam</strong></span> <span class='ocrx_word' id='word_1_101' title='bbox 1554 3451 1645 3527; x_wconf 92' lang='lat' dir='ltr'><strong>de</strong></span> <span class='ocrx_word' id='word_1_102' title='bbox 1680 3476 1848 3526; x_wconf 85' lang='lat' dir='ltr'><strong>casu</strong></span> <span class='ocrx_word' id='word_1_103' title='bbox 1883 3451 2276 3525; x_wconf 87' lang='lat' dir='ltr'><strong>amicorum</strong></span> 
     </span>
     <span class='ocr_line' id='line_1_28' title="bbox 1372 3564 2384 3665; baseline 0 -25"><span class='ocrx_word' id='word_1_104' title='bbox 1372 3591 1587 3665; x_wconf 87' lang='lat' dir='ltr'><strong>quam</strong></span> <span class='ocrx_word' id='word_1_105' title='bbox 1624 3564 1874 3641; x_wconf 86' lang='lat' dir='ltr'><strong>ablatis</strong></span> <span class='ocrx_word' id='word_1_106' title='bbox 1911 3566 2384 3663; x_wconf 79' lang='lat' dir='ltr'><strong>captivorum.</strong></span> 
     </span>
     <span class='ocr_line' id='line_1_29' title="bbox 935 3681 2421 3782; baseline -0.002 -24"><span class='ocrx_word' id='word_1_107' title='bbox 935 3681 1077 3758; x_wconf 84' lang='grc'><strong>449</strong></span> <span class='ocrx_word' id='word_1_108' title='bbox 1470 3683 1608 3758; x_wconf 91' lang='lat' dir='ltr'><strong>Sed</strong></span> <span class='ocrx_word' id='word_1_109' title='bbox 1642 3682 1968 3782; x_wconf 85' lang='lat' dir='ltr'><strong>quamvis</strong></span> <span class='ocrx_word' id='word_1_110' title='bbox 2002 3682 2100 3756; x_wconf 91' lang='lat' dir='ltr'><strong>illi</strong></span> <span class='ocrx_word' id='word_1_111' title='bbox 2136 3681 2421 3758; x_wconf 85' lang='lat' dir='ltr'><strong>doleant</strong></span> 
     </span>
     <span class='ocr_line' id='line_1_30' title="bbox 1371 3798 2300 3898; baseline -0.002 -24"><span class='ocrx_word' id='word_1_112' title='bbox 1371 3799 1493 3897; x_wconf 92' lang='lat' dir='ltr'><strong>qui</strong></span> <span class='ocrx_word' id='word_1_113' title='bbox 1528 3807 1862 3898; x_wconf 89' lang='lat' dir='ltr'><strong>parentes</strong></span> <span class='ocrx_word' id='word_1_114' title='bbox 1893 3798 2300 3888; x_wconf 86' lang='lat' dir='ltr'><strong>amiserant,</strong></span> 
     </span>
    </p>
   </div>
   <div class='ocr_carea' id='block_1_5' title="bbox 934 4007 3050 4263">
    <p class='ocr_par' dir='ltr' id='par_1_5' title="bbox 934 4007 3050 4263">
     <span class='ocr_line' id='line_1_31' title="bbox 1008 4007 3050 4083; baseline -0 -17"><span class='ocrx_word' id='word_1_115' title='bbox 1008 4011 1059 4067; x_wconf 82' lang='lat'><strong>1.</strong></span> <span class='ocrx_word' id='word_1_116' title='bbox 1099 4007 1370 4067; x_wconf 81' lang='lat' dir='ltr'><strong>Lambert</strong></span> <span class='ocrx_word' id='word_1_117' title='bbox 1387 4010 1459 4068; x_wconf 85' lang='lat' dir='ltr'><strong>de</strong></span> <span class='ocrx_word' id='word_1_118' title='bbox 1476 4009 1793 4083; x_wconf 73' lang='lat' dir='ltr'><strong>wan-0108,</strong></span> <span class='ocrx_word' id='word_1_119' title='bbox 1815 4011 1849 4067; x_wconf 69' lang='lat' dir='ltr'><strong>a</strong></span> <span class='ocrx_word' id='word_1_120' title='bbox 1867 4008 2093 4068; x_wconf 78' lang='lat' dir='ltr'><strong>l&#39;annee</strong></span> <span class='ocrx_word' id='word_1_121' title='bbox 2115 4009 2254 4068; x_wconf 78' lang='lat'><strong>1138</strong></span> <span class='ocrx_word' id='word_1_122' title='bbox 2277 4029 2290 4066; x_wconf 90' lang='lat'>:</span> <span class='ocrx_word' id='word_1_123' title='bbox 2325 4010 2634 4068; x_wconf 78' lang='lat' dir='ltr'><strong>Concordia</strong></span> <span class='ocrx_word' id='word_1_124' title='bbox 2659 4025 2788 4067; x_wconf 76' lang='lat' dir='ltr'><strong>vero</strong></span> <span class='ocrx_word' id='word_1_125' title='bbox 2813 4012 3050 4081; x_wconf 71' lang='lat' dir='ltr'><strong>episcopi</strong></span> 
     </span>
     <span class='ocr_line' id='line_1_32' title="bbox 934 4099 3048 4170; baseline 0 -16"><span class='ocrx_word' id='word_1_126' title='bbox 934 4103 987 4155; x_wconf 76' lang='lat' dir='ltr'><strong>ot</strong></span> <span class='ocrx_word' id='word_1_127' title='bbox 1014 4101 1223 4155; x_wconf 77' lang='lat' dir='ltr'><strong>civium</strong></span> <span class='ocrx_word' id='word_1_128' title='bbox 1248 4099 1401 4168; x_wconf 76' lang='lat' dir='ltr'><strong>facta</strong></span> <span class='ocrx_word' id='word_1_129' title='bbox 1428 4103 1505 4155; x_wconf 77' lang='lat' dir='ltr'><strong>est</strong></span> <span class='ocrx_word' id='word_1_130' title='bbox 1520 4105 1647 4170; x_wconf 78' lang='lat' dir='ltr'><strong>post</strong></span> <span class='ocrx_word' id='word_1_131' title='bbox 1666 4101 1898 4170; x_wconf 77' lang='lat' dir='ltr'><strong>pascha,</strong></span> <span class='ocrx_word' id='word_1_132' title='bbox 1929 4102 2214 4170; x_wconf 72' lang='lat' dir='ltr'><strong>sopitaque</strong></span> <span class='ocrx_word' id='word_1_133' title='bbox 2233 4103 2391 4156; x_wconf 83' lang='lat' dir='ltr'><strong>omni</strong></span> <span class='ocrx_word' id='word_1_134' title='bbox 2417 4101 2643 4156; x_wconf 78' lang='lat' dir='ltr'><strong>malitia</strong></span> <span class='ocrx_word' id='word_1_135' title='bbox 2669 4101 2909 4155; x_wconf 76' lang='lat' dir='ltr'><strong>domnus</strong></span> <span class='ocrx_word' id='word_1_136' title='bbox 2935 4101 3048 4170; x_wconf 77' lang='lat' dir='ltr'><strong>epi·</strong></span> 
     </span>
     <span class='ocr_line' id='line_1_33' title="bbox 936 4187 2295 4263; baseline -0.001 -17"><span class='ocrx_word' id='word_1_137' title='bbox 936 4204 1127 4260; x_wconf 78' lang='lat' dir='ltr'><strong>scopus</strong></span> <span class='ocrx_word' id='word_1_138' title='bbox 1154 4190 1229 4244; x_wconf 81' lang='lat' dir='ltr'><strong>ad</strong></span> <span class='ocrx_word' id='word_1_139' title='bbox 1254 4189 1447 4244; x_wconf 71' lang='lat' dir='ltr'><strong>urbem</strong></span> <span class='ocrx_word' id='word_1_140' title='bbox 1475 4190 1643 4245; x_wconf 74' lang='lat' dir='ltr'><strong>rediit</strong></span> <span class='ocrx_word' id='word_1_141' title='bbox 1670 4205 1798 4244; x_wconf 82' lang='lat' dir='ltr'><strong>cum</strong></span> <span class='ocrx_word' id='word_1_142' title='bbox 1825 4191 2010 4260; x_wconf 61' lang='lat' dir='ltr'><strong>gloria</strong></span> <span class='ocrx_word' id='word_1_143' title='bbox 2041 4189 2118 4263; x_wconf 84' lang='lat' dir='ltr'><strong>(p.</strong></span> <span class='ocrx_word' id='word_1_144' title='bbox 2151 4187 2295 4260; x_wconf 78' lang='lat'><strong>515).</strong></span> 
     </span>
    </p>
   </div>
   <div class='ocr_carea' id='block_1_6' title="bbox 3361 1321 3371 2059">
    <p class='ocr_par' dir='ltr' id='par_1_6' title="bbox 3361 1321 3371 2059">
     <span class='ocr_line' id='line_1_34' title="bbox 3361 1321 3371 2059; baseline 0 0"><span class='ocrx_word' id='word_1_145' title='bbox 3361 1321 3371 2059; x_wconf 95' lang='lat' dir='ltr'><strong> </strong></span> 
     </span>
    </p>
   </div>
  </div>
 </body>
</html>
