3478 5438
1306 510 1583 563 mooun.
2410 512 2499 563 241

829 644 903 717 in
938 644 1072 719 hec
1105 651 1296 717 terra
1332 650 1505 717 tunc
1537 642 1885 742 temporis

830 757 1095 833 malum
1128 758 1393 855 ubique
1432 758 1643 846 siluit,

833 898 975 972 pax
1010 882 1085 947 et
1119 898 1321 947 emor
1358 874 1693 949 effloruit.

395 988 537 1063 465
930 992 1018 1063 Et
1053 997 1199 1063 tem
1237 988 1369 1063 suit
1405 990 1692 1087 copiosa

828 1115 1000 1183 tunc
1034 1128 1280 1179 rerum
1315 1104 1746 1181 abundantia

832 1220 1026 1319 quod
1062 1247 1105 1295 a
1139 1219 1410 1295 cunctis
1446 1228 1559 1295 est
1594 1219 1813 1295 oblita

829 1333 1215 1437 paupertas
1244 1345 1441 1413 retro
1473 1337 1744 1412 habita¹
1762 1395 1779 1412 .

394 1593 547 1652 G‘est
571 1611 645 1651 eu
674 1593 959 1657 chenoine
977 1594 1050 1653 de
1070 1592 1334 1651 Gamhrm·
1355 1610 1467 1667 que
1487 1610 1634 1651 nous
1654 1610 1727 1651 en
1754 1593 1968 1652 devons
1999 1593 2054 1652 le
2079 1594 2509 1653 connaissance.

401 1683 666 1747 Tandem,
709 1680 900 1755 dit-il,
948 1686 1012 1737 in
1056 1685 1202 1739 hanc
1240 1687 1399 1753 pacis
1443 1685 1691 1751 sormam
1736 1689 2110 1739 convenerunt
2151 1685 2298 1754 quod
2343 1699 2514 1739 comes

396 1772 752 1827 Flandrensis
780 1774 845 1826 de
871 1787 1049 1827 manu
1077 1776 1315 1843 episcopi
1339 1774 1573 1841 suscepit
1602 1775 1667 1827 in
1695 1773 1850 1841 feodo
1883 1772 2154 1842 Osya'cum
2180 1777 2231 1828 et
2258 1775 2516 1827 castella-

395 1863 556 1915 niam
606 1860 1076 1925 Cameracensem‚
1128 1876 1301 1931 quam
1347 1862 1665 1915 immediate
1704 1864 1874 1931 prius
1917 1860 2115 1917 Simon
2163 1863 2228 1915 de
2272 1864 2514 1933 episcopo

398 1954 669 2016 tenuerat,
702 1954 753 2004 et
780 1949 1063 2005 Simonem
1091 1951 1156 2005 de
1186 1951 1490 2019 praedictis
1530 1966 1704 2004 comes
1742 1951 2078 2019 saepedictus
2114 1951 2356 2019 feodavit
2379 1966 2514 2019 pro-

393 2039 523 2092 vida
571 2040 1082 2107 circumspectione,
1128 2040 1275 2107 quod
1316 2041 1381 2092 in
1419 2039 1579 2093 modo
1614 2040 1773 2107 pacis
1814 2040 1878 2092 de
1906 2042 2044 2109 jure
2085 2042 2321 2109 episcopi
2365 2040 2514 2096 nihil

394 2128 643 2196 deperiit,
677 2128 769 2182 sed
790 2131 979 2197 potius
1008 2127 1327 2182 hominium
1354 2128 1715 2181 flandrensis
1741 2130 1979 2183 accrevit
2012 2125 2170 2201 (Gan.
2195 2126 2512 2202 Gamerae„

396 2230 446 2273 c.
480 2215 547 2271 18
577 2222 746 2287 extr„
776 2231 832 2289 p.
867 2215 1013 2285 508).

466 2303 518 2359 1.
558 2304 829 2361 L'auteur
855 2304 926 2361 de
954 2302 1011 2360 la
1038 2302 1151 2359 Vie
1179 2303 1251 2361 de
1278 2302 1513 2360 Nicolas
1542 2306 1725 2360 arr-ete
1757 2319 1864 2360 son
1889 2302 2092 2360 travail
2131 2303 2166 2360 ὲ
2205 2302 2320 2361 Ιάῑι
2351 2302 2510 2361 1138.

395 2391 676 2466 L'eveque
706 2393 875 2450 vecut
901 2408 1107 2451 encore
1134 2390 1621 2464 vingt-neuram,
1654 2392 1796 2447 dont
1822 2391 2108 2464 plusieurs
2139 2391 2332 2448 furent
2358 2407 2514 2448 mer-

396 2481 535 2555 ques
564 2498 666 2554 par
692 2480 793 2539 des
821 2480 993 2539 luttes
1022 2482 1139 2539 tres
1169 2480 1517 2538 laborieuses
1556 2488 1752 2538 contre
1793 2480 1876 2537 les
1913 2488 2130 2539 comtes
2167 2480 2238 2537 de
2265 2480 2516 2542 Elandre

394 2568 639 2643 Thierry
667 2578 725 2629 et
752 2569 1021 2643 Philippo
1049 2569 1347 2641 d'Alsace‚
1378 2570 1635 2642 toujours
1665 2569 1926 2638 attentife'
1954 2570 1989 2625 a
2017 2569 2188 2627 saisir
2217 2577 2403 2628 tontes
2433 2570 2515 2627 les

396 2660 690 2717 occasions
727 2659 799 2718 de
837 2659 1154 2734 s’agrandir
1189 2656 1266 2732 du
1304 2658 1429 2716 cote
1467 2656 1541 2714 du
1583 2658 1924 2716 CambresiS.
1969 2658 2277 2717 L’histoire
2315 2660 2383 2717 de
2421 2674 2515 2715 ces

393 2749 733 2822 vingt-neus
756 2749 991 2822 euneos,
1021 2765 1095 2806 ou
1124 2749 1200 2805 du
1231 2749 1423 2805 moins
1451 2748 1552 2805 des
1582 2747 1844 2804 dix-huit
1871 2749 2184 2819 det-nieme,
2218 2765 2280 2805 se
2315 2755 2514 2806 trouve

394 2853 555 2894 assez
584 2837 1247 2910 longuementmcontee
1266 2835 1411 2892 dans
1432 2836 1703 2892 Lambert
1723 2835 1794 2893 de
1819 2835 2112 2894 Watrelos
2137 2837 2212 2910 (p.
2238 2837 2509 2908 517-539).

394 2927 475 2984 Le
504 2925 787 2984 chanoine
817 2926 886 2983 de
906 2926 1171 2983 Cambrai
1200 2942 1276 2983 ne
1305 2924 1461 2999 parle
1488 2942 1599 2998 que
1628 2925 1699 2982 de
1728 2925 2022 2983 l'habilete
2041 2925 2112 2984 de
2135 2925 2362 2983 Nicolas
2389 2926 2424 2981 ὀ,
2451 2942 2514 2984 se

395 3015 670 3089 meneger
694 3014 730 3070 ὲ
757 3014 812 3071 la
838 3014 946 3072 fois
974 3014 1215 3072 l'amitie
1239 3014 1315 3070 du
1344 3031 1489 3088 pape
1518 3014 1851 3071 Alexandra
1881 3013 1970 3070 111
1999 3023 2058 3072 et
2087 3013 2228 3073 celle
2256 3014 2327 3071 de
2358 3014 2514 3071 l'em-

395 3118 601 3175 per-eur
626 3103 891 3160 Frederic
918 3103 1017 3178 1⁰¹,
1047 3119 1120 3160 au
1150 3103 1355 3160 milieu
1384 3103 1455 3160 de
1486 3102 1539 3159 la
1566 3103 1782 3176 grande
1812 3102 1955 3160 lutte
1985 3105 2084 3178 qui
2113 3105 2222 3160 mit
2255 3102 2404 3161 alors
2444 3102 2514 3160 de

395 3208 658 3338 nongeau
698 3209 808 3249 aux
850 3189 1030 3266 ρι’-1868
1072 3193 1126 3251 le
1168 3193 1469 3252 secet-doce
1512 3200 1570 3251 et
1615 3193 1870 3267 l’empire
1915 3193 2151 3265 (Canon.
2197 3193 2510 3266 Gamerae„

397 3298 445 3338 c.
484 3283 507 3338 1
556 3326 569 3354 ,
602 3300 657 3355 p.
691 3283 837 3354 508).

2192 4353 2256 4410 16
