3478 5438
969 481 1058 536 186
1914 479 2123 532 (nisu

1403 613 1823 714 perungitur
1856 610 2189 686 unctione

1403 729 1536 806 olei
1575 728 1871 804 leticiae.
2036 744 2043 750 '

1017 851 1108 922 89
1472 846 1630 936 .Qui
1662 845 1915 920 melius
1946 854 2023 918 et
2055 843 2305 919 melius

1405 960 1665 1036 sanctis
1699 959 2088 1034 ascendens
2124 958 2489 1059 gradibuS‚

1404 1076 1660 1152 divinis
1695 1073 2173 1154 sanctionibus

1402 1194 1745 1269 formatus
1780 1201 1891 1267 est
1926 1191 2331 1290 episcopus.

1016 1315 1110 1384 90
1502 1307 1626 1385 Cui
1663 1331 1957 1382 reverso
1986 1305 2446 1405 postmodum

1403 1424 1496 1499 ad
1531 1423 1713 1498 hanc
1749 1421 2006 1497 urbem
2042 1425 2497 1498 cameracum

1403 1543 1943 1615 Cameracenses
1979 1537 2319 1638 gaudium

1400 1654 1895 1730 concelebrant
1928 1653 2370 1730 alterutrum.

1015 1777 1094 1847 91
1501 1770 1692 1846 Fecit
1728 1771 1967 1869 presul
2002 1777 2447 1844 sacrosancta

1402 1885 1676 1983 primae
1705 1883 1963 1960 missae
1998 1883 2415 1982 sollempnia

1401 2003 1476 2076 in
1511 2009 1718 2075 nocte
1755 1999 2214 2076 celeberrima

1403 2116 1662 2193 Christi
1701 2115 1951 2191 natalis
1984 2115 2302 2214 propria.

1015 2237 1110 2310 92
1501 2231 1745 2308 Clerus
1778 2255 1955 2305 vero
1989 2240 2064 2305 et
2094 2229 2405 2329 populus

1391 2344 1724 2446 jocundis
1758 2353 1933 2420 eunt
1967 2344 2301 2419 cordibus

1398 2461 1702 2538 osculari
1737 2485 1991 2536 manus
2024 2460 2177 2560 ejus

1402 2578 1587 2654 datis
1621 2575 2121 2652 oblationibus.

1014 2698 1106 2767 93
1497 2696 1661 2768 Mox
1697 2691 1955 2768 Christi
1990 2691 2303 2768 natalitio

1401 2810 1803 2884 exultanter
1837 2808 2185 2908 preterito

1399 2924 1528 2999 ivit
1561 2923 1805 3023 presul
1842 2924 1915 2998 in
1948 2923 2353 3000 Brabantho

1405 3065 1535 3117 suo
1571 3041 1640 3114 in
1679 3038 2043 3138 episcopio
2056 3040 2077 3085 ¹
2092 3095 2110 3114 .

1015 3156 1108 3231 94
1503 3154 1706 3231 Illum
1739 3154 2238 3244 archidiaconi,

1401 3271 1696 3347 abbates
1729 3280 1941 3370 atque
1976 3270 2239 3360 clerici,

1401 3388 1683 3487 utrique
1717 3388 2137 3463 nobilissimi

1403 3511 1548 3577 tam
1585 3502 1845 3579 milites
1878 3528 2095 3600 quam
2124 3503 2367 3578 rustici

1015 3624 1109 3693 95
1499 3618 2024 3719 congaudentes
2059 3618 2437 3717 recipiunt,

1405 3744 1835 3811 venerantur
1870 3744 1944 3809 et
1978 3734 2277 3835 diligunt

879 3968 896 3983 ⁸
971 3964 1024 4023 lo
1050 3964 1230 4022 douze
1257 3963 1358 4023 des
1395 3964 1660 4023 calendas
1695 3966 1770 4023 de
1804 3966 2033 4039 janvicr
2058 3962 2281 4037 (Lamh.
2320 3963 2587 4036 Watrel.‚
2626 3982 2683 4039 p.
2718 3966 2873 4037 514),
2910 3964 3079 4022 c'est·

963 4053 1156 4111 a-dire
1177 4053 1234 4111 le
1251 4054 1312 4111 2¹
1341 4053 1672 4127 decembre3
1701 4054 1851 4113 mais
1878 4071 1954 4112 on
1983 4055 2097 4111 sait
2122 4053 2389 4113 combien
2418 4052 2713 4127 l’eehange
2731 4053 2835 4112 des
2852 4052 3079 4113 chiffl-os

965 4142 1086 4199 XII
1115 4150 1175 4201 et
1201 4142 1354 4199 XIII
1380 4148 1471 4200 ost
1495 4141 1761 4217 frequent
1786 4142 1929 4201 dans
1956 4144 2041 4201 los
2068 4143 2307 4201 ancisus
2334 4142 2699 4201 manuscrits.

1041 4234 1088 4288 l.
1133 4232 1336 4305 Comp.
1368 4234 1777 4301 Introduction,
1808 4248 1967 4291 num.
2006 4233 2095 4305 36,
2126 4232 2213 4291 37.
