3478 5438
446 778 589 853 302

448 1237 587 1308 303

440 1693 583 1768 304

437 2159 578 2232 305

434 2621 575 2693 306

432 3082 573 3155 307

429 3545 569 3616 308

320 3971 325 3977 ’
430 4008 571 4079 309

1328 533 1665 590 camum.

880 663 995 737 hic
1028 663 1238 741 dictis
1274 675 1347 743 et
1382 670 1731 768 superius.

976 783 1153 855 Nam
1186 781 1385 858 illum
1420 783 1583 858 hinc
1617 786 2032 888 episcopum

879 896 1355 995 magnificant,
1396 899 1820 978 benedicunt

876 1019 947 1084 et
982 1011 1290 1111 glutiant
1320 1023 1391 1089 ct
1428 1013 1728 1116 diligunt

876 1123 951 1200 hi
987 1127 1203 1202 etiam
1238 1129 1361 1227 qui
1396 1129 1668 1207 odiunt.

980 1240 1170 1316 Fecit
1204 1251 1374 1342 post
1406 1243 1578 1320 haec
1616 1271 1833 1345 quam
1868 1249 2072 1328 citius

874 1355 1215 1432 ultionem
1250 1359 1627 1460 episcopus

877 1469 968 1545 de
1004 1471 1272 1548 clericis
1308 1476 1639 1552 euntibus

876 1587 1119 1662 Remis
1153 1587 1243 1662 ad
1282 1614 1491 1665 suum
1526 1591 1861 1669 dedecus.

972 1703 1375 1778 Prebendas
1410 1705 1545 1780 illis
1580 1707 1892 1798 abstulit,

874 1819 1359 1913 possessiones
1394 1820 1612 1896 diruit
1656 1849 1671 1895 :

870 1955 1177 2030 quorum
1211 1935 1517 2010 honores
1554 1938 1806 2014 ceteris

872 2044 1008 2120 sibi
1046 2047 1380 2149 subjectis
1416 2052 1733 2128 contulit.

969 2163 1097 2236 Hic
1132 2164 1223 2238 ad
1259 2165 1465 2240 istam
1502 2168 1910 2244 aecclesiam

872 2276 1106 2352 clerici
1143 2281 1262 2377 qui
1302 2295 1788 2358 remanserant

867 2416 1001 2489 per
1035 2393 1341 2469 eundem
1374 2399 1788 2496 pontificem

867 2507 993 2582 Dei
1028 2518 1246 2608 agunt
1281 2513 1719 2589 servitutem.

964 2625 1155 2713 Quos
1190 2627 1433 2725 presul
1470 2653 1639 2727 sepe
1678 2629 1939 2719 visitat,

866 2738 1137 2814 servire
1170 2746 1319 2815 Deo
1354 2742 1599 2818 incitat

867 2862 1349 2953 quantumque
1386 2867 1623 2956 potest
1657 2860 1947 2961 adjuvat

866 2975 939 3041 et
973 2968 1044 3043 in
1080 2970 1295 3045 rebus
1332 2974 1774 3073 multiplicat.

963 3086 1095 3174 Qui
1132 3096 1435 3185 quatuor
1469 3089 1713 3165 altaria

864 3198 955 3273 de
990 3201 1347 3301 Cantengh
1386 3212 1459 3277 et
1494 3203 1584 3279 de
1620 3206 1918 3297 Rihwia,

862 3313 955 3389 de
990 3316 1361 3391 Wanbaizs
1396 3326 1470 3391 et
1504 3318 1595 3393 de
1636 3322 1950 3398 Wethria

864 3428 1061 3504 dedit
1094 3430 1197 3505 eis
1232 3441 1306 3506 et
1340 3433 1496 3508 alia.

959 3548 1151 3621 Tunc
1186 3546 1543 3647 aliquanto
1578 3560 1902 3652 tempore

862 3661 1122 3736 mansit
1155 3662 1319 3739 huic
1352 3666 1727 3743 aecclesiae

861 3782 936 3849 et
970 3801 1173 3853 amor
1206 3804 1370 3854 cum
1408 3783 1747 3859 solamine

862 3901 935 3968 et
966 3918 1110 3992 pax
1146 3920 1308 3971 cum
1341 3898 1802 3996 plenitudine.

962 4010 1165 4099 Quod
1200 4012 1431 4087 clerici
1469 4039 1631 4090 cum
1666 4015 2025 4092 audissent

862 4122 986 4219 qui
1013 4123 1164 4223 jam
1198 4127 1436 4201 Remis
1471 4128 1816 4219 abierant,

864 4248 1008 4313 tam
1044 4248 1311 4317 temere
1347 4243 1708 4319 ecclesiam

2492 547 2552 598 53
