3478 5438
997 502 1058 555 66
1940 493 2149 544 Ges-m

1437 627 1847 726 Lotharinqi
1881 627 2155 726 imperii
2168 625 2189 671 ¹
2204 682 2221 700 .

1002 751 1142 822 378
1537 743 1865 818 Iuramus
1901 752 1971 817 et
2006 741 2129 817 hoc
2165 741 2458 840 denique

1437 885 1562 935 nos
1589 883 1721 958 pro
1758 857 2265 934 christianitate

1439 977 1874 1052 Remensium
1910 975 2285 1050 aecclesiae

1439 1115 1811 1190 numquam
1846 1091 1981 1165 sibi
2017 1090 2337 1187 deficere,

1002 1214 1144 1286 379
1536 1231 1757 1306 neque
1792 1209 1978 1282 inter
2012 1229 2137 1280 nos
2172 1201 2571 1280 monachum

1439 1347 1564 1398 nec
1599 1323 1909 1398 abbatem
1944 1345 2071 1396 nec
2106 1321 2431 1397 clericum

1441 1441 1826 1514 consentire
1861 1461 1987 1513 nec
2026 1438 2279 1513 laicum

1441 1557 1562 1654 qui
1595 1557 1690 1629 sit
1727 1564 1969 1629 contra
2004 1555 2388 1652 episcopum
2396 1577 2434 1640 ;

1006 1677 1146 1747 380
1541 1673 1744 1744 immo
1780 1670 1983 1744 illum
2020 1669 2369 1767 expellere

1443 1785 1528 1858 ab
1563 1785 1731 1859 urbe
1770 1808 1923 1860 cum
1960 1785 2286 1860 dedecore

1441 1903 1564 2000 qui
1597 1901 1684 1975 de
1719 1904 1869 2000 ipso
1905 1899 2260 1976 inhoneste

1443 2017 1724 2092 audebit
1759 2017 1969 2094 verba
2004 2019 2263 2116 facere,

1009 2139 1136 2209 381
1544 2142 1612 2207 et
1648 2136 1953 2232 recipere
1990 2135 2326 2208 neminem

1447 2249 1532 2324 de
1569 2249 1843 2325 clericis
1880 2260 2084 2324 emto-a
2117 2248 2355 2323 urbem

1453 2369 1574 2464 qui
1607 2375 1774 2440 sunt
1809 2375 2051 2454 contra
2079 2363 2475 2463 pontificem

1447 2483 1590 2554 nisi
1615 2505 1750 2579 per
1782 2505 1982 2558 suam
2016 2483 2343 2578 qratiam.

1014 2599 1154 2675 382
1548 2595 1644 2670 Et
1679 2597 1765 2671 de
1793 2597 2103 2695 presulis
2144 2595 2431 2694 ἱερίῠιιθ,

1448 2711 1534 2787 de
1571 2712 2174 2787 consuetudinibus

1451 2838 1530 2901 ut
1565 2830 1848 2925 fuerunt
1883 2829 2269 2925 antiquitus

1452 2945 1600 3017 suis
1628 2943 2228 3042 predecessoribus

1018 3063 1159 3134 383
1551 3082 1676 3134 nec
1712 3060 2075 3157 quicquam
2110 3079 2625 3156 supercrescere

1453 3197 1579 3249 nec
1616 3174 1707 3249 ad
1744 3177 1973 3249 minus
2010 3175 2423 3250 descendere

1439 3293 1771 3388 juramus
1809 3315 1885 3365 eo
1922 3292 2191 3365 vivente

1454 3415 1523 3480 et
1557 3430 2023 3481 successorum
2059 3416 2379 3503 tempore.

1019 3521 1161 3594 384
1553 3524 1800 3595 Preter
1826 3520 1988 3619 jura
2024 3520 2342 3619 episcopi

1439 3662 1638 3735 quae
1667 3637 1861 3737 jurat
1897 3646 2094 3710 cetus
2131 3635 2375 3735 populi

1457 3752 1572 3826 hic
1609 3776 1897 3827 necesse
1934 3777 2076 3826 non
2113 3751 2314 3826 affuit

1456 3867 1861 3967 singulatim
1898 3868 2259 3956 inter-seth

1021 3988 1180 4059 385-
1557 3982 1683 4057 sed
1719 3984 1912 4083 quod
1944 3984 2185 4085 jurant
2218 3983 2555 4083 episcopo

1097 4253 1141 4303 1.
1184 4240 1385 4317 Comp.
1420 4244 1824 4310 Introduction,
1861 4259 2023 4300 num.
2056 4244 2145 4301 23.
