3478 5438
1328 467 1600 520 mooun.

845 609 918 675 et
954 601 1213 699 quibus
1246 601 1485 700 presul
1522 599 1816 676 credere

846 716 937 790 de
972 715 1285 814 perfecta
1320 715 1549 814 possit
1580 740 1784 813 paee.

410 829 555 904 249
946 833 1123 904 Eeee
1156 829 1365 905 simul
1400 831 1830 906 conveniunt

847 945 1117 1043 presul,
1158 949 1425 1045 Symon
1458 948 1549 1022 ad
1584 945 1958 1022 Thumium
2001 973 2020 1020 ε

844 1061 1058 1136 offert
1094 1053 1335 1160 presul
1370 1060 1545 1136 dare
1581 1071 1920 1150 easta-um,

845 1177 1113 1273 Symon
1148 1177 1394 1274 nequit
1428 1177 1630 1274 sequi
1666 1185 1980 1275 paetum.

410 1293 555 1370 250
944 1295 1121 1366 Nam
1154 1291 1247 1365 de
1286 1291 1540 1366 casatis
1574 1291 1906 1366 omnibus

846 1413 921 1479 et
954 1406 1259 1505 presulis
1292 1405 1697 1482 hominibus

852 1545 996 1595 non
1030 1522 1185 1596 vult
1216 1547 1373 1598 esse
1404 1522 1617 1597 obses
1650 1545 1836 1598 unus

847 1660 984 1734 pro
1020 1636 1351 1736 Symonis
1386 1636 1850 1735 profectibus.

410 1753 541 1830 25⁴
947 1750 1311 1827 Adductos
1346 1777 1587 1828 seeum
1622 1752 1882 1828 milites

847 1867 1059 1942 offert
1093 1871 1357 1968 Symon
1394 1868 1469 1942 in
1504 1866 1818 1956 obside8‚

848 1982 973 2057 sed
1012 1982 1105 2057 ad
1139 1991 1371 2059 tentas
1405 1983 1828 2082 sponsiones

846 2123 1106 2197 parum
1138 2108 1343 2175 erant
1376 2099 1778 2174 credibiles.

410 2213 556 2290 252
946 2213 1153 2290 Inde1
1194 2222 1405 2312 capto
1440 2212 1734 2289 consilio

845 2354 978 2428 per
1013 2329 1309 2404 elericos
1343 2337 1418 2405 et
1450 2329 1667 2404 laicos

848 2445 1061 2518 offert
1094 2444 1389 2520 antistes
1424 2444 1645 2518 tercio

848 2559 1211 2633 eastellum
1246 2559 1490 2657 nepoti
1526 2584 1683 2634 suo.

409 2674 554 2752 253
944 2677 1249 2753 Vocatus
1285 2677 1548 2773 Symon
1585 2673 1846 2751 totiens

846 2798 1301 2865 revocantem
1330 2790 1727 2891 despiciens

848 2928 991 2981 non
1026 2905 1181 2981 vult
1215 2906 1461 2982 audire
1496 2906 1858 3008 presulem

846 3042 981 3093 nee
1015 3046 1057 3093 a
1092 3045 1171 3096 se
1204 3020 1505 3097 missum
1540 3023 1974 3121 quempiam.

408 3133 556 3212 254
946 3141 1071 3211 Est
1104 3144 1349 3234 presto
1380 3137 1622 3236 presul
1658 3136 1987 3225 reddere,

843 3259 1091 3349 presto
1122 3255 1387 3350 Symon
1420 3252 1742 3351 recipere
1787 3278 1804 3325 :

847 3364 977 3440 sed
1011 3366 1299 3443 obsides
1334 3367 1633 3443 fiduciae

848 3506 993 3558 non
1030 3482 1361 3560 videntur
1394 3488 1744 3561 sufficere.

545 3708 775 3791 Quod
810 3708 1449 3779 cameracenses
1488 3712 1869 3780 comitem
1901 3710 2388 3779 Balduinum

810 3816 969 3883 sibi
1005 3818 1537 3886 adsciverunt
1572 3820 1656 3885 ln
1694 3819 2114 3887 auxilium.

411 4005 557 4083 255
951 4010 1158 4086 Vadit
1189 4014 1455 4111 Symon
1490 4012 1870 4090 iracundus

487 4205 539 4261 i.
580 4204 665 4261 Le
690 4203 909 4279 syllabe
937 4206 1001 4261 de
1030 4212 1118 4263 est
1144 4205 1290 4265 dens
1316 4206 1369 4265 le
1398 4222 1507 4265 ms.
1540 4206 1840 4267 aedessas
1867 4210 1940 4268 de
1969 4211 2026 4267 la
2053 4209 2228 4283 ligne.

2171 4299 2236 4355 1⁴
