3478 5438
848 455 951 519 ‚206

859 588 1005 667 224

862 1050 1009 1127 225

862 1513 1008 1591 226

869 1975 1013 2054 227

874 2438 1019 2515 228

876 2897 1021 2976 229

879 3361 1024 3435 230

879 3825 1009 3904 231

1807 448 2012 503 omn

1397 584 1760 662 versatilis
1793 592 1906 661 est
1939 584 2247 673 somma,

1303 700 1376 774 in
1412 724 1553 797 qua
1587 699 1770 774 fides
1805 723 1949 773 non
1985 708 2098 775 est
2131 698 2342 773 firma
2387 724 2404 769 :

1300 840 1466 891 nam
1498 814 1711 889 hodie
1747 815 1810 889 si
1846 815 1938 890 sit
1972 814 2186 904 bonu,

1300 954 1459 1006 emis
1492 932 1737 1007 veniet
1763 932 2197 1030 importuna.

1399 1046 1603 1138 Quod
1639 1072 1895 1145 verum
1930 1072 2090 1123 esse
2117 1045 2420 1145 predico
2461 1098 2466 1103 -

1301 1186 1431 1262 per
1466 1162 1585 1237 illa
1620 1188 1804 1261 quae
1839 1164 2178 1263 episeopo

1300 1302 1473 1353 mox
1509 1279 1848 1355 accidisse
1883 1280 2094 1355 video

1301 1394 1437 1469 sub
1475 1394 1678 1471 brevi
1714 1396 2006 1493 quidem
2040 1393 2372 1468 termino.

1399 1514 1577 1585 Nam
1613 1510 1703 1585 de
1734 1519 1976 1585 metro
2011 1509 2148 1585 eibi
2181 1508 2352 1584 dato

1302 1634 1516 1724 atque
1550 1650 1783 1725 nuper
1817 1624 2172 1723 adquisito

1304 1743 1477 1817 dum
1492 1732 1499 1741 ’
1512 1749 1717 1840 putat
1751 1766 1910 1817 esse
1945 1740 2198 1815 fortior

1305 1865 1380 1932 et
1413 1856 1487 1931 in
1521 1880 1695 1956 paee
1732 1856 2076 1945 securior,

1406 1982 1652 2047 monet
1686 1976 1956 2072 Symon
1991 1973 2432 2072 episcopum,

1308 2086 1701 2165 Get-ardum
1738 2088 1969 2163 sciens
2001 2098 2392 2176 mortuum,

1308 2211 1389 2279 ut
1424 2204 1652 2279 donec
1686 2204 1902 2281 habet
1936 2206 2204 2281 licitum

1310 2319 1529 2395 donet
1563 2321 1629 2395 ei
1662 2322 2234 2397 Sancsobertum.

1411 2436 1641 2526 Quod,
1686 2437 1869 2513 siout
1905 2446 2014 2513 est
2049 2437 2316 2512 dictam
2351 2458 2594 2533 supra,

1314 2550 1452 2626 sibi
1486 2552 1659 2627 dare
1695 2554 2066 2653 pepigerat

1314 2667 1479 2744 data
1509 2668 1674 2744 inde
1711 2668 1958 2744 fidutia

1314 2809 1449 2882 per·
1484 2783 1671 2858 bona
1706 2783 2134 2857 testimonia.

1416 2899 1787 2998 Pepigerat
1822 2901 2087 2997 Symon
2124 2921 2410 2996 quoque

1312 3013 1648 3113 episcopo
1684 3012 1844 3110 pari
1878 3011 2022 3086 fide

1318 3129 1482 3202 hinc
1518 3127 1806 3204 obsides
1843 3127 2073 3203 bonos
2109 3128 2281 3204 dare

1314 3253 1389 3316 et
1422 3267 1557 3342 per
1594 3267 1794 3318 sacra
1832 3243 2254 3317 confirmare

1416 3359 1582 3456 quia
1621 3357 1741 3433 illo
1777 3357 1866 3432 de
1903 3357 2190 3432 castello

1318 3473 1591 3550 nullum
1625 3473 2018 3572 dampnum
2053 3471 2432 3571 aliquando

1318 3591 1639 3666 eveniret
1672 3590 2012 3690 episeopo

1318 3731 1551 3806 neque
1585 3707 1978 3781 successor-i
2017 3731 2149 3782 suo

1419 3847 1547 3898 nec
1580 3823 1855 3899 civibus
1892 3825 2247 3902 cameraci

1322 3964 1450 4014 neo
1484 3939 1752 4038 patriae
1787 3940 2298 4029 circumstanti,

1320 4054 1447 4128 sed
1482 4055 1840 4128 communi
1877 4081 2050 4154 paee
2085 4057 2219 4131 tuti

1320 4169 1553 4242 forent
1588 4169 1780 4244 cives
1816 4179 1889 4245 et
1924 4169 2193 4246 rustici.
