3478 5438
1314 468 1591 523 mooun.
2415 469 2502 521 221

404 606 547 681 338
936 604 1059 682 ubi
1096 604 1305 681 vitat¹
1346 603 1591 706 litigia,

838 720 961 795 ubi
996 728 1323 820 expectat
1358 721 1595 795 omnia

837 860 1018 935 quae
1054 836 1426 911 conferunt
1458 832 1846 910 certamina

840 954 1128 1050 Symon,
1169 976 1435 1040 comes,
1476 948 1901 1025 communia.

406 1068 545 1138 333
935 1069 1220 1165 Spectat
1254 1065 1380 1140 Dei
1414 1064 1852 1140 voluntatem

839 1186 1051 1279 atque
1086 1178 1673 1271 misericordiam,

833 1294 1200 1396 judicium,
1236 1294 1591 1397 justiciam

840 1438 883 1487 a
915 1413 1217 1487 Domino
1252 1412 1696 1510 dispositam.

409 1525 551 1601 334
938 1529 1299 1604 Formidat
1331 1530 1521 1605 enim
1557 1526 1750 1625 apud
1785 1550 1862 1603 sc

839 1643 1021 1718 hanc
1053 1644 1369 1719 radicem
1404 1642 1792 1719 discordiae

844 1758 977 1833 hac
1009 1758 1083 1833 in
1118 1768 1307 1834 terra
1341 1767 1574 1835 ortam
1609 1784 1768 1834 csse

845 1897 979 1974 pro
1014 1874 1408 1973 aliquorum
1443 1874 1766 1951 crimine.

412 1992 549 2063 335
940 1990 1109 2081 Quis
1145 1992 1279 2065 hoc
1316 1990 1635 2091 peccavit
1668 1990 1932 2077 nescio,

844 2104 971 2180 sed
1004 2106 1141 2181 hoc
1176 2114 1421 2206 aperte
1453 2106 1665 2182 video

842 2221 1035 2319 quod
1072 2220 1325 2297 crescit
1358 2220 1720 2297 tribulatio

845 2342 918 2408 et
950 2336 1223 2434 patriae
1259 2336 1673 2412 destructio.

413 2451 551 2522 336
584 2533 596 2551 ,
941 2454 1091 2541 Qua
1126 2461 1485 2527 crescente
1519 2450 1873 2527 discordia

842 2566 1072 2666 major
1108 2568 1399 2643 crescit²
1433 2568 1723 2657 malitia,

844 2704 987 2756 non
1022 2680 1275 2759 leviter
1309 2680 1824 2782 compescenda

845 2797 978 2872 nisi
1010 2801 1195 2873 Deus
1228 2799 1408 2874 hanc
1443 2804 1872 2899 compescat.

413 2913 551 2986 337
942 2919 1119 2988 Nam
1152 2940 1286 3014 per
1320 2915 1545 2990 malos
1581 2915 1986 2990 turbatores

846 3029 1023 3103 fiunt
1060 3030 1247 3104 inter
1282 3054 1359 3104 se
1393 3030 1762 3106 discordes

844 3149 1169 3242 potentes
1204 3144 1349 3219 duo
1383 3145 1746 3244 principes

842 3259 1287 3335 Flandrensis
1323 3268 1395 3335 et
1428 3261 1681 3338 Montis
1715 3283 1982 3336 comes.

413 3376 553 3448 338
943 3375 1146 3465 Quod
1182 3375 1471 3474 quidem
1507 3375 1699 3449 cives
1734 3373 2098 3450 stimulant

847 3499 920 3564 et
954 3490 1327 3566 hortantur
1361 3499 1434 3566 et
1466 3491 1758 3566 incitant
1897 3501 1904 3506 ’

846 3605 1031 3681 inter
1064 3631 1188 3682 cos
1224 3617 1296 3682 et
1330 3607 1691 3706 presulem

844 3732 1142 3822 propter
1177 3723 1577 3822 predictum
1612 3727 2026 3824 Symonem.

409 3965 589 4007 avons
614 3965 692 4008 vn
720 3949 852 4024 plns
878 3950 1022 4008 haut
1046 3951 1187 4026 qu’il
1214 3952 1301 4026 s'y
1328 3953 1467 4012 &tait
1494 3953 1663 4012 retii-e
1689 3952 1818 4024 cleia
1845 3951 1991 4012 dans
2025 3967 2144 4010 une
2179 3965 2520 4010 occurrence

411 4038 691 4111 analogue
720 4039 924 4113 (comp.
956 4040 1087 4115 plus
1116 4040 1257 4099 haut
1281 4049 1383 4101 str.
1416 4044 1523 4116 51).

486 4128 536 4182 1.
576 4131 737 4186 vitat.
768 4127 931 4186 Dans
956 4128 1011 4186 le
1036 4145 1150 4188 ms.
1178 4133 1362 4188 virtut.
1424 4133 1431 4138 ’

483 4213 536 4272 2.
576 4221 787 4273 crescit.
820 4217 980 4276 Dans
1006 4217 1061 4276 lc
1088 4235 1198 4276 ms.
1230 4219 1531 4278 ati-dossas
1557 4219 1629 4278 dc
1660 4220 1717 4278 la
1746 4219 1921 4293 ligne.
