3478 5438
992 428 1087 481 210

990 908 1133 984 256

986 1370 1129 1443 257

983 1830 1127 1905 258

980 2294 1123 2370 259

978 2755 1122 2828 260
1205 2710 1219 2719 ⁸

1937 425 2143 479 GRSTA

1428 560 1748 637 refutatis
1781 558 2148 635 obsidibus

1426 684 1502 749 et
1534 684 1778 773 presto
1812 675 2068 750 fidem¹
2111 674 2265 751 eius

1427 814 1854 867 conservare
1884 790 2291 889 episcopus.

1523 906 1816 981 Nolente
1851 930 2026 1007 ergo
2062 910 2372 1007 Symone

1426 1017 1516 1093 ad
1550 1020 1912 1117 presulem
1947 1044 2268 1095 remeare

1424 1158 1555 1211 nec
1588 1136 1944 1233 promissa
1979 1160 2324 1235 peragere

1420 1250 1903 1349 permanentis
1937 1250 2262 1339 fiduciae,

1520 1365 1766 1441 dicunt
1799 1367 1992 1441 cives
2028 1366 2442 1465 episcopum

1422 1480 1513 1555 de
1549 1481 1691 1555 fide
1726 1508 1884 1557 esse
1915 1482 2248 1569 liberum,

1422 1596 1541 1694 qui
1579 1595 1671 1669 de
1706 1605 1942 1671 castro
1977 1596 2367 1694 pollicitum

1422 1736 1564 1786 non
1598 1711 1812 1787 habet
1845 1712 2355 1789 vadimonium.

1412 1902 1425 1915 ,
1518 1828 1719 1903 Cives
1755 1837 1994 1903 tamen
2026 1853 2170 1903 non
2203 1826 2484 1903 modice

1419 1942 1824 2018 dubitantes
1859 1942 1950 2017 de
1983 1947 2292 2043 Symone

1420 2058 1603 2133 sicut
1634 2057 1729 2133 de
1762 2059 1922 2133 viro
1956 2059 2178 2134 divite

1420 2175 1543 2272 qui
1580 2174 1843 2249 malum
1879 2183 2118 2273 potest
2153 2174 2384 2249 facere

1515 2300 1824 2389 querunt
1857 2290 1993 2365 sibi
2027 2291 2364 2365 auxilium

1417 2431 1460 2479 a
1496 2406 1752 2481 comite
1787 2406 2292 2483 Montensium²

1422 2528 1635 2619 atque
1670 2522 2278 2597 cameracensium

1416 2636 1551 2711 sibi
1586 2646 1864 2713 casatos
1897 2638 2288 2727 attrahunt,

1514 2753 1589 2828 in
1623 2754 1905 2828 firmam
1933 2754 2312 2828 amicitiam

1415 2876 1487 2944 et
1518 2867 1786 2944 bonam
1821 2869 2338 2957 sustinentiam,

1414 2983 1667 3083 ligatos
1702 3009 1834 3082 per
1869 2983 2386 3060 communiam⁸

1414 3108 1486 3173 et
1520 3125 1653 3198 per
1690 3102 1906 3176 fidem
1939 3100 2348 3176 exhibitam.

1048 3293 1097 3349 1.
1140 3295 1323 3364 fldem.
1356 3293 1514 3352 Dans
1541 3293 1596 3352 le
1623 3311 1732 3350 me.
1769 3295 2076 3352 au-dessus
2108 3293 2179 3352 de
2207 3294 2262 3353 la
2292 3295 2464 3368 ligne.

1045 3381 1101 3440 2.
1142 3381 1443 3440 Baudouin
1471 3383 1577 3453 IV,
1608 3391 1797 3442 comte
1819 3384 1893 3440 de
1921 3383 2198 3456 Hainaut‚
2231 3387 2564 3443 sul-nomme
2593 3388 2644 3441 le
2671 3385 2967 3441 Bdtisseur.

1046 3469 1100 3526 3.
1142 3469 1224 3527 Le
1255 3478 1376 3528 mot
1402 3477 1727 3528 communia
1767 3473 1988 3530 semble
2030 3473 2286 3547 significi·
2325 3473 2429 3543 ici,
2473 3487 2589 3530 non
2627 3487 2728 3545 pas
2767 3487 3090 3536 commune,

974 3557 1125 3614 mais
1144 3562 1403 3623 alliance,
1438 3563 1838 3630 conspirativa.
1871 3561 2032 3616 Dans
2052 3560 2138 3618 les
2157 3567 2349 3618 autres
2366 3559 2623 3617 endroits
2641 3559 2713 3616 de
2737 3565 2902 3616 notre
2919 3559 3096 3616 docn-

976 3653 1139 3704 ment
1164 3651 1241 3706 οὺ
1265 3648 1310 3704 il
1338 3656 1426 3706 est
1454 3648 1718 3724 employe
1750 3648 2033 3724 (indiques
2062 3652 2097 3708 ὲ
2125 3649 2180 3707 la
2209 3651 2289 3708 fin
2317 3649 2392 3706 du
2424 3649 2656 3708 volume
2681 3649 2827 3706 dans
2855 3648 2914 3706 la
2940 3645 3096 3706 table

977 3735 1077 3793 des
1096 3741 1309 3792 termes
1336 3735 1408 3793 de
1434 3737 1602 3794 basse
1630 3737 1876 3812 latinite,
1908 3756 1978 3796 au
2003 3747 2124 3797 mot
2145 3740 2507 3814 communia),
2538 3737 2581 3795 il
2601 3745 2738 3812 peut
2755 3755 2819 3795 se
2836 3735 3096 3796 traduire

976 3841 1079 3899 par
1106 3843 1410 3890 commune,
1444 3827 1592 3884 mais
1623 3843 1695 3884 en
1724 3827 2086 3886 l’entendant
2111 3829 2256 3887 dans
2275 3845 2357 3885 un
2377 3845 2510 3885 sens
2531 3827 2641 3885 fort
2659 3825 2911 3901 general,
2940 3843 3098 3884 mar·

975 3921 1159 3987 quant
1186 3913 1521 3972 l’ensemble
1549 3915 1650 3974 des
1678 3916 1968 3975 habitants
1996 3917 2066 3976 de
2099 3918 2152 3974 la
2179 3916 2311 3974 ville
2330 3917 2430 3992 qui
2451 3916 2726 3974 n’etaient
2743 3933 2848 3989 pas
2867 3914 3092 3988 nobles,

976 4009 1035 4060 et
1063 4019 1177 4061 non
1212 4019 1310 4077 pas
1338 4021 1454 4062 une
1482 4023 1772 4062 commune
1797 4011 2163 4080 proprement
2191 4005 2330 4079 dite,
2361 4013 2538 4080 ayant
2559 4022 2675 4063 une
2700 4005 3094 4080 organisation

976 4107 1178 4164 propre
1207 4099 1265 4149 et
1293 4093 1392 4150 des
1422 4093 1598 4152 droits
1626 4096 2002 4169 municipaux
2035 4111 2351 4169 reconnus,
2386 4093 2642 4152 limitent
2667 4110 2812 4152 ceux
2839 4093 2944 4151 des
2971 4095 3092 4151 sei-

976 4195 1190 4252 gneurs
1221 4181 1477 4240 feodaux.
