3478 5438
972 422 1066 475 226

978 562 1117 632 357

981 1028 1121 1097 358

984 1490 1123 1561 359

986 1955 1127 2027 360

992 2416 1117 2486 36⁴

998 3255 1141 3329 362

1002 3713 1143 3784 363

1005 4173 1145 4248 364

1925 414 2134 469 GBSTA

1512 557 1766 630 Comes
1803 551 2056 627 Montis
2091 549 2574 648 respondebat

1415 670 1609 769 quod
1646 676 1894 743 contra
1929 691 2010 741 se
2043 665 2142 741 nil
2177 665 2442 740 fecerat

1416 811 1548 861 nec
1581 785 1675 860 de
1708 784 1882 858 viris
1917 808 2100 880 quos
2135 788 2427 879 oeperat

1415 928 1547 977 nee
1580 926 1763 999 quos
1797 900 2010 975 morti
2049 923 2208 974 sors
2243 897 2568 972 dederat.

1510 1017 1713 1094 Unde
1750 1016 1962 1091 offert
1987 1014 2344 1115 justiciam

1416 1160 1549 1234 per
1582 1158 1836 1208 eorum
1871 1130 2296 1207 sententiam

1418 1251 1541 1349 qui
1574 1248 1936 1347 utrimque
1971 1246 2392 1345 pepigerant

1419 1368 1605 1441 inter
1640 1389 1767 1443 eos
1802 1361 2282 1437 concordiam.

1516 1478 1844 1557 Ostendit
1879 1477 1944 1551 ei
1980 1474 2439 1575 postmodum

1420 1598 1616 1698 quod
1649 1604 1946 1673 venerat
1981 1596 2437 1669 Gameracum

1422 1714 1739 1789 oratione
1776 1712 2038 1786 civium

1424 1830 1515 1905 ad
1552 1852 1802 1903 eorum
1840 1825 2230 1927 presidium

1522 1945 1645 2043 qui
1680 1943 1942 2018 cesaris
1980 1941 2114 2017 sub
2151 1941 2434 2015 nomine

1424 2069 1848 2138 monuerant
1882 2084 1958 2133 se
1993 2056 2236 2132 venire

1427 2184 1882 2256 Cameraeum
1918 2172 2276 2249 custodire

1426 2302 1499 2368 et
1533 2290 1919 2367 marchiam
1955 2287 2360 2362 defendere.

1523 2408 1726 2499 Quod
1756 2406 1946 2506 juste
1983 2403 2232 2478 fecisse
2269 2426 2396 2476 sua

1428 2533 1724 2601 testatur
1761 2519 2188 2597 conscientia

1428 2666 1591 2717 oum
1626 2639 1826 2738 sequi
1865 2662 1997 2736 per
2026 2634 2290 2736 judicia

1428 2757 1767 2832 offeratur
1797 2753 2104 2854 justicia.

1558 3011 1682 3076 De
1726 3007 2158 3076 taxatione
2204 3003 2536 3072 civium.

1527 3249 1716 3345 Ergo
1755 3242 2244 3319 Flandriarum
2279 3261 2518 3314 eomes

1431 3360 1567 3435 hoc
1600 3359 1896 3434 audiens
1931 3355 2127 3454 quod
2164 3354 2487 3454 displicet

1433 3486 1507 3552 et
1542 3474 1734 3574 quod
1768 3475 2024 3548 clamat
2059 3471 2265 3545 nichil
2303 3466 2624 3567 prodest,

1434 3616 1599 3668 cum
1635 3589 1803 3666 odio
1838 3587 2142 3687 partitus
2179 3593 2314 3660 est.

1531 3712 1709 3782 Ecce
1747 3701 2106 3780 Cameraoi
2141 3701 2334 3774 cives

1436 3822 1527 3897 de
1563 3820 1821 3921 placito
1857 3817 2292 3920 gratulantes

1437 3938 1629 4036 quod
1666 3937 1852 4011 inter
1886 3936 2084 4034 ipsos
2121 3929 2414 4008 comites

1438 4052 1832 4130 discordiae
1867 4072 2293 4125 conversum
2327 4053 2461 4132 est,

1536 4176 1832 4268 propter
1865 4169 2300 4241 Montensem
2337 4156 2670 4235 comitem
