3478 5438
1347 489 1688 542 omnum.
2515 493 2577 544 93

463 627 632 726 256,
999 625 1265 703 donant
1300 625 1362 698 ei
1401 623 1771 699 consilium
1858 713 1865 730 ἱ

903 748 980 814 ut
1015 739 1296 815 comitis
1330 739 1863 815 Flandrensium

899 855 1196 955 recipiat
1229 854 1647 943 hominium,

896 971 1113 1046 fidem
1149 979 1362 1070 atque
1397 970 1792 1048 servitium.

465 1089 604 1166 527
996 1091 1150 1164 Rex
1183 1087 1421 1186 itaque
1453 1085 1897 1187 principibus

896 1203 1258 1278 consultus
1293 1229 1333 1276 a
1371 1201 1759 1302 majoribus

900 1316 991 1392 de
1027 1316 1282 1393 futuris
1318 1315 1741 1415 inprovidus

900 1432 1084 1507 datis
1121 1433 1312 1507 favet
1347 1432 1813 1508 consultibus.

465 1547 601 1624 528
996 1549 1318 1646 Suscepit
1352 1573 1528 1650 ergo
1562 1549 1893 1623 comitem

899 1665 968 1739 in
1007 1665 1310 1740 amicum
1343 1673 1418 1740 et
1453 1664 1839 1754 hominem,

898 1779 1076 1855 dans
1111 1779 1176 1854 ei
1211 1779 1706 1870 castellaniam,

898 1898 1174 1970 Novum
1210 1895 1584 1971 Castellum
1621 1895 1905 1970 etiam¹.

463 2014 601 2089 529
995 2016 1224 2087 Donat
1257 2019 1494 2085 tamen
1531 2009 1621 2084 ad
1659 2011 2070 2100 terminum,

898 2135 978 2201 ut
1010 2133 1310 2202 testatur
1343 2125 1751 2225 imperium,

897 2243 1125 2318 donec
1157 2242 1477 2341 imponat
1511 2241 1883 2342 proprium

897 2358 1251 2433 Gameraci
1286 2357 1728 2455 episcopum.

545 2563 670 2634 De
705 2564 1065 2635 adventu
1100 2564 1629 2647 imperatoris
1667 2565 1887 2647 apud
1924 2565 2481 2633 cameracum.

465 2755 604 2824 530
995 2754 1144 2824 Hoc
1179 2749 1415 2847 itaque
1452 2749 1853 2848 composito

896 2865 1094 2939 venit
1129 2890 1332 2940 cesar
1367 2865 1704 2940 continuo

898 2983 1352 3056 cameracum
1387 3005 1552 3056 cum
1587 2981 1899 3055 maximo

896 3102 1172 3169 terrore
1211 3103 1284 3168 et
1319 3120 1482 3169 cum
1518 3095 1710 3170 odio.

465 3214 590 3283 534
994 3208 1134 3285 Sed
1171 3220 1547 3307 antequam
1585 3234 1716 3284 rex
1753 3210 1988 3283 veniat

899 3325 1079 3425 fugit
1114 3324 1267 3400 odo
1303 3324 1426 3423 qui
1464 3326 1807 3423 presulat‚

896 3440 1072 3540 fugit
1108 3440 1277 3514 cleri
1316 3464 1485 3538 pars
1520 3439 1825 3540 plurima

901 3555 1266 3654 plebisque
1303 3556 1568 3631 fraudis
1606 3556 1911 3630 conscia.

466 3674 606 3751 532
995 3674 1316 3747 Mulieres
1351 3696 1514 3746 cum
1554 3672 1867 3771 parvulis

897 3786 1178 3885 fugiunt
1209 3786 1282 3860 in
1320 3787 1699 3874 aecclesiis»,

532 3979 584 4035 1.
625 3978 710 4037 La
735 3979 1164 4039 reconciliation
1193 3980 1509 4039 solennelle
1535 3986 1699 4038 entre
1726 3978 2066 4053 l’empereur
2104 3984 2162 4036 et
2200 3976 2254 4034 le
2288 3982 2475 4035 comte
2502 3976 2575 4034 de

461 4067 728 4142 Flandre,
759 4068 795 4125 ὲ
821 4069 920 4126 des
948 4068 1268 4125 conditions
1296 4069 1410 4125 tres
1441 4076 1855 4143 avantageuses
1885 4084 2026 4142 pour
2054 4065 2321 4141 celui-ci,
2352 4080 2576 4123 comme

461 4172 536 4321 <gn
551 4156 802 4310 ἐῖῖἶοὶι,
846 4164 948 4215 eut
983 4156 1100 4215 lieu
1138 4157 1174 4215 ὲ,
1207 4157 1264 4215 la
1301 4156 1413 4215 sete
1449 4156 1521 4214 de
1564 4154 1708 4215 Νοὸἱ
1758 4157 1893 4215 1108
1940 4153 2289 4230 (Ekkehard.
2326 4153 2568 4225 Uraug.,
