3478 5438
1348 480 1625 531 mooun.
2446 478 2540 531 ‘2¹7

433 614 578 690 304
966 618 1065 689 De
1098 612 1445 689 fructibus
1480 610 1681 711 cujus
1708 618 1940 685 teme

870 738 1082 827 atque
1118 729 1271 829 ejus
1302 727 1628 803 ubertate

868 841 1033 943 plus
1064 844 1314 919 vicinis
1349 844 1561 918 terris
1593 850 1758 917 ante

874 959 1329 1060 replebantur
1362 958 1620 1034 domus
1656 984 1851 1034 suae.

436 1080 579 1151 305
968 1074 1101 1151 Sed
1144 1100 1286 1149 non
1322 1082 1573 1148 curant
1606 1074 1798 1149 cives
1832 1074 1998 1149 inde
2039 1102 2056 1148 ε

876 1215 1039 1265 nam
1074 1214 1426 1289 pauperes
1461 1189 1735 1264 malunt
1768 1214 1924 1263 esse

872 1330 1089 1404 quam
1126 1332 1167 1379 a
1201 1304 1389 1379 malo
1426 1305 1620 1403 quod
1654 1328 1910 1402 cepere

871 1421 1100 1497 donec
1131 1420 1417 1496 vineant
1450 1420 1834 1495 abstinere.

438 1539 581 1611 306
968 1540 1219 1612 Testor
1249 1537 1499 1611 videns
1532 1536 1707 1611 haec
1738 1535 1979 1610 omnia
2091 1597 2098 1601 .

875 1649 1041 1749 quia
1078 1676 1221 1727 non
1255 1659 1365 1725 est
1400 1674 1577 1751 gens
1610 1650 1833 1725 altera

875 1790 1057 1864 quae
1093 1767 1491 1843 sustulisset
1523 1774 1631 1842 tot
1668 1766 1851 1840 mala

874 1904 968 1955 ex
999 1882 1362 1957 voluntate
1398 1880 1692 1980 propria

440 1999 583 2071 307
974 1994 1174 2071 sicuti
1212 2020 1389 2095 gens
1425 1995 1778 2072 Cameraci

876 2118 1129 2210 sponte
1164 2112 1359 2211 cupit
1394 2111 1492 2185 ita
1528 2110 1673 2210 pati

872 2234 954 2302 ut
988 2234 1292 2324 nequeat
1327 2227 1647 2324 superari

874 2368 919 2417 a
954 2346 1259 2440 Symone
1296 2366 1528 2440 neque
1565 2342 1780 2416 vinci.

694 2580 819 2645 De
866 2577 1053 2646 odio
1104 2577 1405 2645 civium
1453 2550 1766 2645 oona-a*
1791 2576 2288 2659 episcopum.

443 2812 582 2882 308
975 2807 1156 2897 Quid
1190 2808 1438 2883 laboro
1476 2808 1636 2907 plus
1671 2807 1984 2882 referre?

876 2948 1168 3023 possum
1207 2923 1495 3021 quidem
1533 2925 1887 2998 affirmare

877 3037 1072 3136 quod
1106 3062 1247 3111 non
1284 3037 1354 3112 in
1395 3038 1629 3136 priseo
1664 3047 1988 3138 tempore

878 3177 1107 3252 neque
1144 3161 1385 3228 nostra
1422 3154 1495 3227 in
1529 3161 1717 3229 etate

443 3272 583 3344 309
972 3275 1167 3343 tanta
1202 3268 1333 3343 fuit
1366 3269 1629 3344 malitia

878 3390 1138 3481 quanta
1173 3383 1390 3458 modo
1426 3392 1538 3458 est
1572 3393 1821 3458 exorta

877 3523 1018 3598 qua
1056 3499 1294 3575 neseio
1329 3499 1619 3587 invidia,

877 3639 1017 3712 qua
1054 3614 1305 3714 ignoro
1343 3616 1700 3713 superbia.
1847 3667 1852 3670 -
1946 3679 1955 3684 .

440 3733 582 3803 340
973 3730 1111 3805 Sed
1148 3731 1284 3804 hoe
1315 3731 1491 3805 heu!
1534 3729 1910 3805 discidium

874 3846 1065 3920 cives
1099 3869 1349 3920 omnes
1384 3845 1700 3920 obiciunt
1823 3826 1833 3842 ’

876 3983 1093 4058 super
1126 3983 1336 4034 suum
1370 3961 1813 4058 episcopum,

872 4074 1067 4172 quod
1104 4075 1312 4149 nimis
1347 4084 1456 4150 est
1496 4077 1844 4149 nefarium
1887 4103 1902 4148 ε

444 4194 569 4264 344
973 4201 1046 4264 et
1078 4190 1323 4266 odium
1353 4200 1644 4289 portant
1680 4191 1840 4280 sibi,
