3478 5438
1221 509 1612 563 Βυιιοιωωι.
1641 511 1681 562 ι.
1830 473 1837 480 ’
2416 516 2503 568 139

836 646 1016 721 sicut
1051 651 1352 720 matrem
1389 645 1490 720 sic
1523 644 1835 735 viduam,

837 769 918 836 ut
952 761 1176 836 filium
1209 769 1283 835 et
1315 759 1534 836 filiam

837 877 933 951 ita
969 875 1431 976 alienigenam

401 995 528 1070 ⁴2⁴
935 992 1225 1067 enititur
1259 992 1614 1093 colligere,

835 1107 1188 1196 venerari,
1229 1107 1550 1208 diligere,

837 1222 1224 1311 sublimari,
1267 1224 1639 1322 preficere,

837 1337 1214 1427 consolari,
1255 1337 1656 1413 defendere.

401 1460 546 1534 ⁴22
936 1453 1282 1553 Exemplo
1317 1454 1525 1554 hujus
1559 1453 1716 1528 laici

839 1571 1164 1646 conversi
1201 1577 1368 1644 sunt
1403 1593 1618 1668 quam
1653 1569 1938 1668 plurimi

837 1687 960 1785 qui
997 1687 1158 1761 facti
1195 1693 1364 1760 sunt
1398 1693 1519 1760 aut
1553 1687 1879 1762 monachi

837 1811 960 1879 aut
993 1801 1376 1877 heremitae
1413 1800 1691 1900 optimi.

399 1922 541 1998 ⁴23
934 1916 1278 2017 Exemplo
1295 1917 1560 2006 ‚uxoris
1594 1941 1761 1992 suae

837 2057 1180 2108 converse
1217 2040 1384 2108 sunt
1417 2039 1490 2106 et
1521 2032 1825 2108 feminae

839 2159 988 2224 tam
1019 2147 1334 2248 virgines
1369 2171 1586 2246 quam
1619 2147 1875 2224 viduae

837 2288 969 2339 suo
1005 2262 1326 2338 viventes
1357 2269 1708 2361 tempore.

399 2381 543 2460 ⁴24
838 2380 970 2470 Qui
1005 2379 1218 2454 etiam
1255 2377 1514 2454 sanctis
1549 2380 1779 2456 ornati
1820 2379 2139 2456 moribus

739 2494 1126 2570 creduntur
1162 2493 1401 2570 vivere
1429 2495 1579 2595 jam
1613 2495 1688 2570 in
1722 2494 2119 2570 celestibus.

738 2610 852 2687 Sic
887 2611 1080 2686 enim
1113 2611 1186 2686 in
1220 2612 1434 2686 terris
1469 2611 1802 2687 vixerunt
1836 2610 2245 2709 simpliciter

739 2725 932 2827 quod
969 2726 1126 2802 illos
1163 2726 1407 2803 vivere
1442 2726 1660 2803 credo
1694 2728 2173 2827 perhenniter.
2210 2731 2461 2804 Amen.

507 2965 548 3029 1
567 2965 638 3029 1.
694 2962 893 3033 Nunc
937 2958 1027 3033 ad
1072 2959 1560 3035 Burchardum
1609 2967 2057 3035 revertamur
2099 2960 2513 3060 episcopum

399 3074 490 3150 de
523 3076 784 3173 illoque
817 3082 1146 3150 nostrum
1181 3074 1647 3174 proloquatur
1681 3074 2069 3150 oraculum.
2122 3079 2293 3152 Cum
2340 3102 2513 3177 ergo

399 3189 716 3291 pontifex
751 3188 1343 3265 animadverteret
1389 3187 1460 3263 in
1507 3190 1702 3289 pacis
1737 3190 1974 3289 quiete
2010 3198 2274 3265 terram
2311 3216 2514 3267 suam

397 3305 722 3404 posuisse
738 3363 756 3394 ‚
819 3304 1053 3381 subito
1104 3304 1394 3404 quidam
1447 3304 1652 3380 miles
1704 3303 1796 3379 de
1846 3306 2131 3380 Stabaih
2149 3364 2166 3395 ‚
2230 3307 2513 3382 nomine

399 3420 788 3509 Gerardus,
849 3420 1054 3497 alieni
1107 3428 1452 3519 appetens
1509 3420 1773 3517 suique-
1818 3420 2185 3519 profiisus,
2246 3428 2513 3496 terram

399 3538 580 3611 hanc
607 3538 1184 3612 cameracensem
1212 3534 1590 3610 crudeliter
1617 3536 1873 3611 invasit
1904 3546 1979 3610 et
2011 3536 2213 3612 villas
2246 3562 2388 3634 que
2424 3538 2515 3613 de

399 3676 637 3729 werra
672 3650 1026 3727 castellani
1063 3659 1551 3727 remanserant
1585 3677 1809 3751 usque
1836 3651 1926 3726 ad
1951 3656 2228 3728 Novum
2255 3654 2516 3728 Castel-

397 3766 548 3843 lum
593 3774 666 3841 et
706 3766 890 3842 ultra
934 3790 1188 3843 omnes
1233 3765 1586 3842 destruxit
1631 3775 1705 3842 et
1748 3766 2059 3843 funditus
2102 3768 2508 3867 extirpavit.

398 3882 647 3975 Milites
685 3882 876 3956 enim
907 3881 998 3957 de
1020 3883 1442 3959 Ostrevanth
1467 3882 1559 3955 ad
1586 3882 1823 3957 omnia
1848 3890 2081 3957 terrae
2113 3883 2320 3983 hujus
2347 3908 2517 3958 con-

401 3997 742 4072 sumenda
786 4006 858 4071 et
903 3997 1200 4073 delenda
1245 3997 1501 4072 cotidie
1547 3999 2021 4075 confluebant.
2084 4004 2327 4099 Itaque
2371 4009 2515 4074 tam

401 4110 693 4185 terribili
731 4120 802 4185 et
837 4120 986 4186 tam
1021 4111 1436 4186 intolerabili
1473 4112 1734 4187 malitia
1771 4113 2149 4212 episcopus
2176 4123 2248 4188 et
2270 4118 2516 4189 Came-

401 4251 726 4301 racenses
753 4226 1189 4314 circumdati,
1225 4228 1502 4302 nemine
1528 4237 1797 4304 terram
1828 4229 2275 4318 defendente,
2309 4228 2515 4303 nimi-
