3478 5438
428 986 573 1062 332

428 1453 570 1526 333

424 1911 567 1987 334

419 2377 563 2448 335

417 2838 561 2912 336

413 3302 554 3375 337

1312 507 1651 562 (mmmm
2481 509 2542 560 57

866 641 1201 741 illumque
1238 640 1405 718 inde
1440 641 1770 716 obsecrat

867 766 940 832 et
972 758 1208 858 arguit
1240 765 1314 831 et
1348 757 1669 856 increpat

859 872 1213 974 justiciam
1247 882 1329 948 ut
1362 873 1593 948 faciat.

960 995 1117 1066 Jsm
1156 989 1291 1064 sibi
1328 996 1672 1088 quantum
1708 987 1975 1089 placuit

867 1104 1285 1180 Galcherum
1322 1129 1451 1179 rex
1485 1104 1785 1180 detinuit
1827 1132 1844 1178 z

865 1219 994 1298 sed
1028 1220 1215 1294 inter
1248 1221 1380 1295 hec
1414 1219 1609 1318 quod
1646 1219 1903 1294 accidit

870 1334 1039 1411 nulli
1072 1334 1317 1408 mirari
1353 1335 1636 1410 suffieit.

961 1453 1139 1525 Nam
1174 1450 1411 1526 clerici
1448 1458 1521 1526 et
1555 1450 1705 1524 laici

864 1591 1009 1642 non
1044 1576 1413 1642 servantes
1440 1567 1603 1667 jura
1638 1566 1833 1667 regis

864 1707 1094 1782 neque
1128 1689 1394 1758 statum
1429 1683 1711 1782 imperii

862 1821 1093 1896 neque
1125 1797 1341 1873 decus
1378 1797 1721 1896 episcopi,

958 1912 1031 1986 in
1068 1911 1249 1987 hanc
1284 1911 1475 2012 regis
1510 1911 1870 1988 civitatem

858 2027 1407 2103 introduxerunt
1440 2033 1859 2117 manassem,

859 2167 1075 2242 quem
1110 2143 1317 2244 longe
1354 2152 1519 2218 ante
1553 2145 1870 2220 fecerant

859 2281 1077 2356 super
1111 2257 1531 2334 Galcberum
1565 2257 1952 2357 presulem.

954 2377 1322 2473 Ingressus
1354 2374 1451 2448 its
1488 2373 1947 2472 postmodum

854 2511 989 2588 per
1024 2489 1293 2564 clerum
1328 2497 1403 2564 et
1436 2513 1570 2589 per
1603 2489 1952 2589 populum

856 2611 930 2680 et
964 2627 1213 2679 eorum
1250 2604 1619 2679 consilium

853 2718 967 2794 hic
1004 2719 1389 2795 celebravit
1424 2719 1836 2819 synodum¹.

951 2840 1085 2912 Per
1118 2835 1311 2911 idem
1346 2844 1633 2934 tempus
1670 2840 2025 2911 Manasses

852 2951 967 3026 ille
1002 2960 1084 3027 ut
1118 2976 1346 3026 novus
1383 2951 1705 3050 pontifex

852 3092 1081 3141 novos
1116 3068 1231 3142 hic
1266 3091 1485 3168 agens
1519 3066 1810 3141 ordines

850 3190 1047 3258 news
1082 3184 1425 3258 confinxit
1460 3182 1802 3257 celebres.

946 3300 1073 3390 Qui
1114 3298 1229 3373 hic
1266 3299 1401 3373 sub
1436 3296 1665 3373 tribus
1700 3298 2066 3375 mensibus

846 3415 1107 3489 mansit
1142 3422 1265 3489 aut
1296 3415 1511 3514 paulo
1547 3415 1874 3512 amplius,

847 3529 1040 3629 quod
1078 3530 1227 3605 suis
1262 3530 1386 3605 dat
1418 3530 1746 3606 fidelibus

846 3646 1097 3721 tollens
1135 3646 1769 3722 GalcheriensibuS.

308 3970 315 3975 ‚
477 3902 528 3957 1.
560 3898 639 3958 Ge
668 3900 885 3974 synode
912 3910 1014 3959 eut
1041 3900 1160 3959 lieu
1188 3918 1263 3959 en
1296 3902 1456 3976 1098,
1486 3902 1641 3959 ainsi
1670 3918 1784 3974 que
1812 3902 2124 3959 l'attestent
2151 3899 2234 3957 les
2258 3900 2420 3958 dates
2447 3900 2521 3959 de

404 3988 546 4047 trois
573 3988 859 4063 diplomes
885 3988 1109 4065 (Gomp.
1142 3989 1275 4065 plus
1302 3990 1465 4063 haut,
1496 3996 1631 4048 note
1658 3990 1695 4047 ὰ
1722 3990 1780 4047 la
1809 3994 1908 4046 stt.
1928 3988 2052 4061 289,
2077 4000 2165 4045 n⁰·
2185 3990 2239 4061 3,
2268 3990 2323 4062 4,
2346 3989 2419 4061 5).
2447 4020 2520 4032 —

402 4078 489 4134 Le
513 4076 771 4151 diplome
796 4078 869 4135 de
898 4078 1037 4136 1100
1064 4078 1243 4152 (ima,
1278 4088 1339 4135 n·
1367 4078 1424 4145 9)
1454 4094 1527 4134 ne
1554 4076 1774 4135 semble
1802 4076 2001 4136 devoir
2017 4081 2135 4135 etro
2153 4078 2388 4151 regerde
2405 4094 2517 4151 que

403 4182 633 4224 comme
660 4182 776 4224 une
802 4167 1214 4242 transcription
1248 4167 1327 4224 du
1364 4166 1671 4240 precedent
1711 4174 1801 4233 (n⁰
1840 4167 1890 4239 8)
1929 4187 1944 4223 :
1989 4166 2225 4225 l'erreur
2263 4166 2436 4241 qu’on
2477 4184 2517 4240 y

404 4263 607 4313 trouve
632 4255 777 4313 dans
804 4256 859 4313 le
886 4256 1088 4315 chiffl-e
1114 4257 1187 4315 de
1215 4256 1541 4314 l’indiction
1569 4256 1846 4314 confirmo
1874 4263 2022 4314 cette
2050 4256 2382 4331 hypothese.
