3478 5438
1048 506 1343 566 RJUSQUE
1378 507 1913 560 sucomsonlnus.
2446 509 2538 563 245

965 641 1453 741 pontificatum
1489 640 1800 730 habuit¹,

867 757 992 831 sed
1030 757 1151 832 diu
1186 781 1330 831 non
1365 758 1678 831 retinuit.

958 876 1133 947 Nam
1168 897 1365 956 mors
1401 882 1474 947 et
1509 873 1946 948 consecratio

478 989 569 1058 55
863 987 1070 1061 unius
1106 987 1271 1060 anni
1308 988 1537 1084 spatio

961 1127 1177 1202 quem
1214 1103 1345 1176 ista
1381 1102 1547 1176 fecit
1584 1104 1944 1201 presulem

864 1218 1035 1293 haec
1070 1216 1357 1293 reduxit
1390 1217 1480 1292 ad
1518 1218 1954 1316 pulverem2.

1216 1454 1342 1521 De
1388 1451 1743 1535 Rogoro.

958 1671 1134 1745 Hinc
1165 1675 1485 1772 Rogerus
1521 1673 1898 1748 aecclesiae

860 1796 969 1861 est
1005 1797 1297 1861 ornatus
1333 1787 1675 1887 regimine

474 1904 563 1974 60
957 1927 1173 2001 quem
1208 1904 1537 1990 Waurins
1572 1928 1664 1977 ex
1699 1902 2052 1978 nobilibus

859 2027 1096 2092 ortum
1135 2020 1523 2093 monstrat-⁰³
1567 2020 1978 2117 parentibus

960 2134 1082 2230 qui
1122 2132 1371 2209 famosi
1408 2133 1656 2207 militia

859 2257 1188 2347 potentes
1221 2258 1390 2324 sunt
1423 2250 1492 2322 in
1531 2250 1824 2346 patria&

957 2484 1056 2553 De
1092 2479 1202 2554 his
1238 2504 1421 2578 quos
1458 2480 1980 2556 nominavimus

471 2596 563 2667 65
860 2594 1128 2668 dictare
1165 2594 1611 2702 cupientibus

955 2711 1244 2812 grandis
1282 2722 1504 2788 restat
1535 2713 1887 2802 maneria,

493 2935 541 2989 1.
587 2932 871 3003 sigeberti
919 2935 1173 2990 Chronic.
1219 2934 1438 2991 Gontin.
1469 2937 1787 3006 Aquicinct.
1829 2935 1901 2992 ad
1944 2952 2034 2992 an.
2082 2937 2216 2992 1174
2248 2936 2325 3010 (p.
2359 2939 2480 3011 415)
2517 2957 2530 2995 :

419 3023 679 3079 Robertus
721 3023 1207 3079 cameracensium
1247 3027 1443 3079 electus
1485 3040 1522 3078 a
1561 3026 1926 3081 servientibus
1965 3026 2157 3081 Jacobi
2199 3028 2264 3081 de
2306 3026 2535 3085 Avesnis

421 3113 788 3179 iynominiose
822 3112 975 3179 apud
1017 3111 1328 3166 Gondatum
1358 3114 1683 3181 perimitur.
1732 3114 1854 3167 Duo
1895 3113 2307 3169 Cameracenses
2343 3117 2535 3171 archi-

416 3201 645 3254 diaconi
670 3200 745 3254 ad
771 3203 1142 3269 episcopatum
1164 3215 1268 3270 per
1293 3204 1696 3256 contentionem
1721 3204 2031 3271 eliguntur,
2063 3204 2303 3271 Royerus
2330 3207 2539 3263 scilicet

417 3293 468 3344 et
502 3289 765 3343 Atardus.
807 3287 912 3344 Sed
949 3290 1150 3358 Roqero
1187 3303 1223 3341 a
1257 3289 1513 3359 Philippo
1552 3293 1746 3345 comite
1783 3291 2188 3345 Ftandriarum
2225 3296 2277 3346 et
2316 3295 2539 3348 saniori

412 3382 573 3447 parte
591 3377 861 3440 abdicato,
887 3378 1132 3432 Alai-dus
1151 3377 1532 3434 substituitur.
1570 3380 1799 3448 Uterque
1826 3382 2199 3449 episcopatum
2217 3381 2536 3437 desiderans

420 3470 754 3522 transcensis
783 3468 1013 3536 Alpibus
1042 3470 1297 3523 certatim
1326 3469 1401 3522 ad
1421 3469 1813 3537 imperatorem
1840 3469 2191 3523 Fredericum
2221 3472 2285 3524 in
2304 3472 2535 3525 Italiam

411 3557 613 3625 peryit.
654 3554 965 3624 Imperator
993 3557 1180 3625 itaque
1208 3558 1342 3610 visis
1364 3559 1615 3625 personis
1644 3557 1950 3626 auditaque
1979 3559 2197 3611 ratione
2224 3559 2528 3625 electionis,

415 3645 549 3698 visis
576 3645 747 3698 etiam
775 3645 980 3698 titteris
1006 3643 1258 3713 Philippi
1286 3647 1504 3699 comitis
1527 3658 1632 3713 pro
1657 3647 1868 3700 Alardo
1899 3645 2235 3716 petentibus,
2282 3661 2533 3701 commu-

415 3733 602 3786 nicato
632 3747 760 3786 cum
788 3735 1048 3802 episcopis
1074 3736 1176 3802 qui
1203 3733 1285 3787 ibi
1310 3734 1549 3787 aderant
1572 3737 1821 3795 consitio,
1852 3737 1946 3789 itti
1968 3737 2342 3804 episcopatum
2360 3735 2528 3790 dedit.

433 3848 487 3861 -
514 3817 659 3876 Voir
685 3818 841 3876 aussi
873 3818 927 3876 le
955 3819 1239 3877 chanoine
1268 3820 1340 3877 de
1369 3820 1634 3878 Cambrai
1667 3821 1732 3892 (c.
1767 3821 1858 3893 21,
1889 3837 1945 3894 p.
1979 3821 2124 3895 509).

483 3908 537 3965 2.
582 3908 760 3965 Alard
790 3915 1025 3967 mourut
1053 3925 1127 3966 en
1158 3908 1294 3966 1177
1328 3909 1625 3982 (Sigehert.
1673 3911 1880 3968 Chron.
1926 3911 2145 3966 Gontin.
2192 3915 2292 3982 qu

416 4014 471 4071 p.
509 3985 663 4070 417),
711 3996 765 4054 le
810 3998 844 4054 6
892 3997 1192 4056 decembre
1237 4001 1535 4070 (Necroloq.
1580 4000 1639 4057 S.
1692 4001 1988 4069 Gauqerici
2038 4000 2292 4056 Camerac

418 4103 479 4143 n.
510 4087 620 4153 26).

490 4175 541 4231 3.
582 4181 875 4232 monstrat.
907 4174 1069 4232 Dans
1098 4176 1151 4235 le
1178 4193 1287 4233 ms.
1322 4176 1635 4235 au-dessus
1662 4177 1734 4235 de
1762 4176 1820 4234 la
1844 4176 2020 4251 ligne.

491 4265 545 4321 4.
584 4265 698 4322 Sur
736 4265 790 4322 la
830 4263 1046 4322 famille
1084 4265 1155 4322 de
1184 4265 1377 4340 Roger
1402 4267 1473 4324 de
1500 4266 1753 4324 Wavrin
1781 4284 1838 4324 v.
1878 4266 1960 4324 Le
2005 4267 2292 4341 Carpenti‹
