3478 5438
1069 487 1158 539 ¹30

1111 967 1202 1041 52

1108 1429 1200 1498 53

1107 1889 1201 1962 54

1109 2355 1201 2424 55

1107 2819 1199 2888 56

1107 3284 1197 3353 57

1105 3742 1294 3813 58,

1105 4202 1264 4274 59·

2020 485 2225 536 ῦΕὸΤΑ

1501 619 1816 718 separari
1850 618 2251 718 conjugium

1347 727 1354 736 ’
1501 759 1634 833 per
1667 733 2155 842 Burchardum
2189 733 2607 834 episcopum

1498 849 1634 924 hoc
1667 849 1932 924 factum
1968 857 2077 924 est
2110 849 2523 924 divortium.

1595 967 1777 1040 Ante
1809 963 2011 1064 cujus
2048 964 2481 1064 presentiam

1497 1078 1911 1155 dividuntur
1944 1081 2037 1155 ab
2074 1079 2403 1169 invicem,

1493 1194 1730 1294 jurant
1763 1219 1940 1270 vero
1976 1203 2395 1295 perpetuam
2470 1249 2479 1258 -

1497 1333 1783 1386 servare
1816 1311 2350 1386 continentiam.

1591 1427 1804 1502 Maria
1840 1451 2013 1528 ergo
2049 1428 2307 1504 femina

1496 1552 1568 1617 et
1602 1567 1745 1618 una
1780 1543 1933 1643 ejus
1968 1543 2113 1617 filia

1495 1666 1567 1734 et
1601 1659 1722 1733 filii
1760 1659 2112 1760 incognita

1493 1774 1896 1850 didicerunt
1930 1775 2288 1874 psalteria.

1591 1895 1861 1965 Horum
1904 1889 2433 1967 werimboldus
2464 1898 2669 1988 pater

1493 2003 1650 2080 illos
1682 2005 2010 2103 quamvis
2044 2005 2189 2080 sint
2215 2005 2515 2106 juvenes

1495 2121 1845 2220 disposuit
1880 2121 2225 2222 sagaciter

1493 2261 1626 2336 per
1661 2237 2027 2312 cenobitae
2062 2237 2371 2312 ordines,

1591 2355 1729 2428 Pro
1765 2352 1958 2428 victu
1994 2377 2161 2429 suae
2198 2351 2517 2452 conjugis

1495 2476 1568 2542 et
1602 2492 1738 2567 pro
1776 2469 2057 2542 duobus
2092 2468 2254 2542 filiis

1495 2582 1585 2657 de
1621 2584 1769 2659 suis
1804 2583 1927 2659 dat
1963 2585 2278 2684 pecuniis

1495 2698 1717 2775 sancti
1755 2699 2074 2777 Autberti
2114 2699 2413 2799 clericis.

1591 2822 1730 2891 Pro
1766 2816 2119 2915 tertioque
2156 2817 2303 2891 filio

1496 2934 1567 3007 in
1605 2933 1923 3033 Sepulcri
1960 2932 2261 3008 cenobio

1495 3049 1865 3149 magnifice
1901 3048 1991 3124 de
2028 3048 2326 3148 proprio

1493 3164 1790 3265 largitur
1824 3164 2193 3241 beneficio.

1591 3286 1717 3355 Est
1752 3279 1992 3358 Remis
2028 3277 2485 3355 celeberrima

1491 3395 1999 3471 monacharum
2034 3394 2371 3471 aecclesia

1493 3511 1676 3586 inter
1711 3536 1889 3609 quas
1920 3536 2060 3587 una
2096 3512 2237 3585 filia

1491 3626 1959 3703 Werimboldi
1994 3628 2077 3701 fit
2112 3625 2480 3701 monacha.

1589 3740 1867 3816 Ibidem
1902 3740 1993 3815 ad
2028 3740 2394 3815 oraculum

1489 3878 1829 3957 magnum
1862 3856 2028 3933 fecit
2065 3856 2437 3931 donarium

1494 3970 1797 4070 fecitque
1833 3997 1966 4072 per
2002 3971 2337 4047 idoneum

1493 4088 1802 4162 caritatis
1836 4089 2175 4165 officium.

1592 4202 1696 4277 Ibi
1735 4205 1924 4278 enim
1956 4205 2079 4279 dat
2112 4204 2375 4281 talenta
