3478 5438
940 644 1033 713 ⁴8

940 1106 1033 1177 ⁴9

931 1572 1028 1649 20

941 2034 1024 2111 2⁴

942 2495 1040 2573 22

947 2956 1042 3033 23

951 3421 1049 3498 24

957 3887 1052 3960 25

1840 499 2045 553 Gir-sn

1423 642 1604 714 Nam
1635 634 1734 709 ini
1770 632 1892 733 qui
1929 632 2089 731 plus
2124 628 2408 728 sapiunt

1326 759 1400 828 et
1431 752 1664 853 legem
1699 747 1929 849 magis
1964 746 2305 823 sentiunt¹

1325 868 1521 968 quod
1557 867 1949 955 dissonant,
1988 862 2184 963 quod
2219 860 2525 949 seviunt,

1323 984 1608 1084 plebem
1643 1006 1885 1057 errare
1918 980 2205 1055 faciunt.

1424 1097 1671 1176 Clerici
1706 1122 1842 1196 per
1874 1096 2213 1171 invidiam

1325 1214 1750 1292 dissentiunt
1782 1212 1855 1287 in
1892 1210 2220 1300 invicem,

1324 1332 1587 1409 docent
1621 1352 1871 1404 omnes
1906 1326 2245 1403 malitimn

1325 1454 1399 1522 et
1433 1446 1787 1523 seminant
1820 1440 2272 1517 discordiam.

1421 1564 1561 1641 Sed
1595 1570 1976 1663 postquam
2010 1559 2188 1633 vidit
2224 1556 2535 1656 populus

1193 1710 1204 1725 ·
1327 1682 1422 1757 nil
1461 1680 1881 1756 clericorum
1912 1674 2189 1751 actibus

1332 1798 1569 1896 nilque
1599 1818 1850 1870 eorum
1878 1791 2199 1867 moribus

1331 1915 1404 1990 in
1437 1912 1652 1989 terris
1687 1934 1845 1986 esse
1878 1908 2206 2007 nequius,

1427 2034 1793 2108 Venerunt
1824 2026 1897 2101 in
1936 2021 2337 2109 consilium,

1333 2146 1647 2220 dicentes
1682 2140 2124 2241 episcopium

1333 2260 1722 2360 sumpsisse
1758 2255 2209 2357 precipitium

1333 2401 1466 2477 per
1499 2374 1636 2449 hoc
1669 2372 1837 2449 cleri
1876 2370 2275 2445 discidium.

1431 2490 1606 2565 Hinc
1639 2494 1887 2563 tenent
1918 2483 2373 2570 audientiam,

1335 2614 1681 2707 spernunt
1715 2603 1884 2679 cleri
1918 2601 2307 2686 scientiam,

1336 2724 1458 2823 qui
1494 2729 1797 2822 propter·
1830 2718 2196 2794 avaritiam

1338 2839 1464 2916 Dei
1495 2838 1790 2915 turbant
1822 2834 2214 2913 ecclesiam.

1433 2959 1792 3055 Sper-nunt
1830 2975 2081 3027 eorum
2117 2947 2399 3023 codices

1337 3079 1412 3147 et
1447 3071 1731 3145 decreta
1767 3078 1841 3142 et
1874 3089 2205 3152 canones,

1339 3212 1522 3286 quos
1555 3209 1774 3285 super·
1810 3191 2101 3258 cunctos
2134 3177 2459 3255 homines

1340 3305 1582 3380 dicunt
1616 3327 1773 3378 esse
1808 3297 2195 3374 mirabiles.

1437 3419 1708 3496 Juravit
1743 3439 1915 3516 ergo
1953 3411 2260 3513 populus

1340 3558 1477 3634 pro
1510 3541 1620 3608 tot
1655 3526 2212 3607 dissensionibus

1344 3649 1539 3748 quod
1572 3675 1716 3723 non
1752 3647 1890 3721 erit
1920 3645 2297 3742 episcopus

1344 3789 1475 3840 nec
1507 3763 1622 3838 hic
1657 3787 1788 3836 nec
1824 3761 1939 3835 ille
1974 3758 2177 3846 aliuS,

1445 3879 1580 3953 nisi
1616 3879 1730 3952 ille
1766 3900 1981 3975 quem
2020 3872 2273 3946 nobilis

1348 3996 1735 4093 imperator
1771 3988 2241 4068 transmiserit

985 4249 1036 4306 1.
1076 4250 1345 4306 sentiunt.
1379 4245 1539 4304 Dans
1571 4245 1626 4303 le
1652 4261 1764 4302 ms,
1795 4247 2065 4301 sensium.
