3478 5438
951 501 1038 553 124

1007 1101 1094 1172 40

1003 1565 1079 1636 Η

1005 2026 1096 2100 12

1011 2492 1100 2562 13

1013 2950 1104 3025 14

1017 3415 1224 3486 15.

1021 3876 1110 3947 16

1041 4242 1092 4296 1.

1898 498 2101 550 GESTA

1488 632 1810 730 Suscepit
1844 634 2097 706 Petrus
2126 631 2461 731 juvenem

1387 757 1687 846 propter
1722 747 1875 847 ejus
1910 745 2389 845 prudentimn,

1386 865 1500 939 cui
1537 887 1738 938 suam
1775 863 1898 937 dat
1932 863 2150 937 filiam

1388 980 1566 1056 sicut
1605 1003 1807 1054 suam
1841 979 2058 1055 Jacob
2096 980 2358 1054 Laban.

1487 1100 1662 1169 Nam
1699 1094 1881 1170 sicut
1915 1095 2132 1171 Jacob
2166 1097 2429 1171 meruit

1389 1211 1581 1312 quod
1617 1219 1857 1285 natam
1894 1212 2127 1286 Laban
2158 1212 2426 1302 habuit,

1386 1329 1500 1403 hic
1537 1327 1806 1401 servire
1844 1326 1946 1400 sie
1982 1326 2250 1402 studuit
2436 1391 2445 1400 .

1389 1443 1584 1543 quod
1621 1441 1757 1516 sibi
1794 1445 2045 1517 Petrus
2080 1443 2328 1518 tribuit

1485 1559 1777 1633 Mariam
1808 1583 2010 1632 suam
2045 1559 2265 1633 filiam

1387 1683 1574 1748 etate
1609 1674 1818 1747 nimis
1846 1674 2208 1774 juvenem,

1391 1814 1604 1888 quam
1639 1789 1915 1887 accepit
1952 1788 2025 1862 in
2061 1789 2434 1890 conjugem

1389 1916 1460 1981 et
1495 1907 1911 1980 irremotam
1945 1906 2305 1980 comitem.

1425 2095 1433 2103 ,
1489 2027 1738 2096 Petrus
1775 2020 2030 2094 Mariae
2066 2021 2369 2120 genitor,

1393 2136 1638 2224 vicinis
1677 2135 1825 2210 suis
1860 2136 2102 2223 ditior,

1392 2255 1526 2329 hoc
1558 2253 1893 2352 adjuncto
1931 2253 2317 2327 connubio¹

1395 2369 1529 2444 sub
1567 2367 1806 2442 federe
1842 2367 2157 2467 legitimo

1491 2509 1704 2584 quem
1739 2485 1923 2558 filiae
1958 2483 2419 2583 conjunxerat

1398 2609 1472 2677 et
1505 2624 1850 2701 generum
1888 2600 2358 2696 plasmaverat

1395 2717 1610 2793 nebus
1647 2717 1793 2791 suis
1828 2715 2211 2804 consociat,

1396 2833 1865 2907 domesticum
1900 2831 2203 2907 edificat.

1495 2948 1833 3025 Concedit
1868 2947 2059 3022 bono
2096 2948 2334 3022 animo

1397 3074 1470 3141 et
1505 3065 1684 3139 filiae
1721 3073 1793 3138 et
1828 3089 2091 3165 gener-o

1399 3191 1478 3257 ut
1515 3181 1606 3255 sit
1643 3180 1745 3254 eis
1781 3180 2185 3256 communio

1398 3298 1489 3372 de
1524 3296 1717 3371 victu
1756 3305 1828 3371 et
1863 3296 2195 3395 hospitio.

1498 3412 1823 3513 Largitur
1860 3412 1962 3485 eis
1997 3411 2367 3511 propriam

1401 3528 1492 3602 de
1529 3536 1824 3629 argento
1862 3527 2258 3625 pecuniam,

1402 3644 1493 3718 de
1530 3644 1839 3718 nummis
1874 3643 2402 3734 abundantiam,
2490 3696 2511 3727 ὁ

1401 3759 1492 3833 de
1527 3758 1965 3833 vestimentis
2000 3760 2305 3858 copiam.

1503 3876 1678 3949 Sunt
1713 3874 1929 3974 igitur
1963 3898 2099 3973 per
2136 3875 2371 3948 omnia

1404 3997 1766 4086 tamquam
1802 4014 1943 4063 una
1978 3988 2235 4063 familia
2280 4016 2296 4060 ε

1137 4244 1425 4297 connubio.
1459 4240 1619 4298 Dans
1649 4239 1702 4297 le
1729 4258 1840 4297 ms,
1875 4244 2121 4296 conubio.
