3478 5438
461 829 551 899 47

462 1292 549 1361 48

463 1753 552 1822 49

461 2217 552 2292 20

460 2681 539 2757 2⁴

464 3143 558 3221 22

466 3609 558 3684 23

1239 459 1628 512 BURGHARDI.
1657 459 1698 510 1.

849 595 1236 684 lucrantur,
1279 603 1587 692 querunt
1622 617 1917 670 munera

849 735 1270 810 quacunque
1303 721 1606 810 possunt
1636 712 1889 810 gratia.

945 825 1246 926 Argenti·
1270 824 1482 899 lucris
1519 824 1790 898 inhiant

849 949 918 1014 et
954 941 1210 1017 horrea
1245 940 1697 1042 magnificant

849 1065 920 1132 et
955 1059 1192 1132 omnia
1227 1081 1409 1156 quae
1445 1065 1885 1157 congregant

850 1172 1222 1273 dupliciter
1257 1171 1749 1272 multiplicant.

946 1290 1058 1364 Sic
1093 1291 1520 1390 computatis
1555 1287 1917 1364 mensibus
2010 1327 2017 1333 ·

849 1405 922 1477 in
958 1405 1256 1480 modicis
1289 1405 1736 1504 temporibus

851 1545 1104 1597 oeneus
1141 1531 1550 1597 accrescunt
1585 1521 1913 1598 censibus

851 1645 922 1710 et
959 1634 1255 1712 munera
1289 1637 1728 1712 muneribus.

799 1795 808 1804 -
945 1757 1124 1828 Eeoe
1162 1752 1367 1826 dolor
1403 1763 1512 1828 est
1549 1752 1811 1827 nimius

850 1875 922 1942 et
959 1868 1174 1941 timor
1209 1869 1282 1941 in
1314 1868 1719 1944 hominibus

850 1983 1044 2080 quod
1083 1984 1204 2081 qui
1240 1983 1410 2058 boni
1446 1994 1613 2059 sunt
1651 1984 1980 2083 primitus

850 2098 982 2174 hos
1017 2098 1362 2197 depravat
1395 2099 1746 2174 diabolus.

917 2220 1146 2304 ‚Nune
1179 2217 1495 2292 ditantur
1529 2215 1944 2292 muneribus

855 2341 922 2404 et
961 2333 1234 2432 argenti
1268 2331 1734 2431 ponderibuS„

851 2447 1290 2522 delectantur
1321 2448 1394 2521 in
1432 2448 1751 2521 vestibus

853 2553 926 2637 et
961 2563 1032 2637 in
1069 2563 1246 2638 cibis
1275 2571 1349 2637 et
1378 2563 1694 2661 potibus,

948 2679 1059 2753 Hii
1095 2703 1268 2780 ergo
1304 2679 1427 2777 qui
1463 2679 1566 2754 sie
1601 2678 1889 2791 faciunt,
2032 2711 2041 2725 ·

851 2794 1115 2870 divitiis
1151 2805 1226 2869 et
1259 2796 1556 2872 affluunt

852 2911 1172 3009 profecto
1207 2936 1354 2988 non
1391 2910 1734 2987 obediunt

851 3028 1200 3127 prophete
1235 3054 1277 3103 a
1311 3053 1456 3126 quo
1487 3028 1784 3103 audiunt

951 3144 1302 3241 frequenti
1343 3144 1833 3218 exhortamine

851 3259 924 3333 in
964 3260 1238 3358 psalmo
1275 3268 1520 3333 sancto
1555 3259 1791 3335 dicere
1834 3286 1851 3329 ε

849 3378 916 3449 si
952 3376 1238 3473 affluunt
1272 3376 1582 3463 divitiae,

853 3492 1063 3565 nolite
1101 3515 1217 3566 eor
1252 3492 1652 3589 apponere¹.

951 3606 1478 3691 werimboldus
1515 3614 1893 3705 propterea

855 3747 983 3797 sua
1017 3722 1297 3797 favente
1332 3722 1589 3796 femina

853 3839 989 3914 sihi
1028 3839 1314 3938 suisque
1353 3838 1645 3937 propria

855 3958 1132 4053 paravit
1169 3955 1464 4029 edificia.

493 4212 542 4267 1.
583 4214 670 4269 Ps.
700 4210 864 4283 LXI,
897 4212 985 4268 11.

2436 461 2522 512 ¹25
