3478 5438
1336 517 1671 570 GAmnEm.
2487 523 2548 576 25

452 657 591 728 135
981 655 1205 741 Quem
1238 650 1473 726 locum
1506 677 1548 724 a
1582 650 1972 726 latronibus

882 765 1252 842 mundavit
1288 774 1358 841 et
1397 766 1832 865 raptoribuS,

882 882 1134 981 captis»,
1172 881 1422 957 occisis
1456 881 1780 980 pluribus

880 1022 1015 1098 pro
1044 997 1366 1098 justiciae
1403 996 1703 1097 legibus.

448 1119 589 1190 136
977 1115 1090 1190 Sic
1122 1113 1195 1187 in
1230 1113 1467 1210 quiete
1502 1113 1730 1210 patria

883 1228 1390 1328 aliquantulum
1426 1227 1683 1326 posita,
1841 1305 1844 1315 ,

884 1343 1233 1420 solidariis
1268 1343 1523 1419 merita

880 1458 1050 1534 fecit
1084 1482 1341 1559 magna
1374 1457 1694 1534 donaria.

447 1578 586 1650 137
977 1579 1079 1650 De
1114 1599 1246 1649 suo
1282 1582 1521 1650 autem
1557 1598 1852 1650 munere

880 1713 1062 1788 quos
1097 1690 1415 1788 nequivit
1446 1689 1869 1781 conducere,

880 1805 1219 1880 conduxit
1254 1805 1659 1881 fidelissime

875 1920 968 1997 de
1002 1921 1335 1996 thesauro
1367 1919 1766 1995 aecclesiae.

445 2041 583 2110 138
976 2041 1125 2111 Hoc
1161 2037 1352 2110 enim
1386 2060 1525 2135 pro
1562 2037 1882 2126 ecclesia,

875 2153 1012 2228 boc
1044 2151 1208 2225 fecit
1240 2178 1376 2250 pro
1402 2151 1685 2252 justicia

874 2265 1071 2365 quod
1107 2265 1306 2342 dedit
1338 2291 1628 2365 cappaS,
1671 2267 1881 2366 pallia

875 2381 1421 2482 hujusmodique
1458 2385 1727 2457 cetera¹
1742 2442 1759 2458 .

443 2502 582 2573 139
620 2563 623 2566 Α
973 2496 1265 2572 Galcero
1301 2498 1412 2572 his
1447 2499 1810 2577 laboribus

874 2611 1144 2686 intento
1179 2612 1680 2710 multiplicibus

742 2726 755 2733 “
872 2725 1102 2802 adhuc
1134 2726 1270 2801 frui
1307 2727 1647 2827 legalibus

871 2867 1017 2916 non
1052 2841 1248 2917 licuit
1284 2843 1678 2919 ordinibus.

438 2954 580 3030 140
968 2963 1232 3035 Verum
1265 2968 1431 3057 post
1468 2960 1649 3034 hane
1682 2962 2053 3038 victoriam

872 3096 1262 3171 parumper
1296 3073 1564 3149 habens
1597 3078 1942 3175 requiem,

871 3195 1042 3261 tunc
1077 3189 1392 3287 primum
1428 3192 1887 3289 apostolicam

869 3302 1049 3400 petit
1083 3304 1669 3381 misericordiam.

440 3414 564 3491 141
969 3418 1101 3508 Qui
1133 3443 1335 3493 more
1370 3422 1903 3519 precedentium

872 3532 1249 3609 beatorum
1282 3536 1697 3633 pontificum

866 3650 1173 3747 quesivit
1208 3652 1683 3727 sacerdotium

870 3790 915 3837 a
946 3764 1234 3840 domino
1272 3769 1726 3844 Remensium

436 3877 579 3952 142
965 3880 1351 3980 Raginaldo
1387 3884 1750 3981 pontifice.

870 3994 1008 4071 Sed
1041 3996 1177 4071 hoc
1211 3997 1328 4072 illo
1364 4008 1735 4074 recusante

504 4250 558 4307 1.
597 4248 758 4308 Dans
786 4250 840 4309 le
866 4266 975 4309 ms.
1006 4252 1305 4313 au-dessus
1330 4255 1401 4314 de
1429 4264 1621 4326 cetera,
1656 4273 1734 4318 on
1762 4265 1964 4318 trouve
1989 4260 2131 4319 ecrit
2154 4264 2238 4318 vel
2258 4265 2534 4334 plurima.
