3478 5438
970 456 1060 510 110
1142 412 1155 423 .
1922 457 2128 510 ΘΒΒΤΔ

965 599 1242 682 serant,
1309 589 1646 667 Galchero
1701 589 1983 690 penitus
2045 589 2620 666 abrenuntiantes
2635 647 2656 680 ,
2718 592 3079 691 quendam

964 706 1283 782 Odonem
1347 705 1678 782 abbatem
1733 710 1806 782 S.
1868 706 2145 782 Martini
2199 706 2292 782 de
2339 712 2659 782 Tornaco
2715 709 3079 806 presulem

963 822 1362 922 elegerunt,
1426 823 1538 897 cui
1580 829 1746 920 post
1790 819 2107 897 triduum
2142 832 2555 898 consecrato
2598 822 3081 899 obedientiam

953 935 982 1036 j
989 946 1395 1013 uraverunt.
1438 942 1516 1012 In
1555 936 1805 1012 eadem
1834 937 2193 1027 aecclesia,
2228 938 2429 1038 eujus
2454 937 2679 1014 abbas
2712 938 3075 1029 extiterat,

963 1050 1242 1126 duobus
1257 1050 1458 1124 annis
1477 1058 1549 1124 et
1565 1049 1755 1148 apud
1775 1049 2131 1126 luciacum
2146 1075 2278 1149 per
2294 1051 2859 1150 quinquennium
2880 1051 3081 1127 habi-

961 1165 1164 1256 tavit,
1210 1165 1416 1264 eique
1463 1167 1552 1241 de
1589 1165 2097 1242 christianitate
2145 1168 2671 1244 Cameracensis
2720 1167 2979 1244 clerus·
3008 1177 3085 1244 et

959 1280 1266 1380 populus
1299 1279 1604 1356 fideliter
1637 1279 1980 1357 obedivit.

1059 1403 1141 1469 2.
1195 1395 1458 1474 Videns
1492 1421 1668 1470 vero
1705 1396 2086 1472 Galcherus
2120 1397 2317 1496 quod
2343 1398 2557 1474 etiam
2590 1398 2777 1474 inter
2808 1397 3083 1473 amicos

957 1511 1229 1587 vilescit
1265 1519 1337 1586 et
1369 1538 1412 1585 a
1447 1512 1716 1586 cunctis
1751 1511 2230 1610 postponitur,
2263 1521 2713 1612 comparatus
2731 1511 3079 1614 jumentis

958 1627 1451 1726 insipientibus
1484 1627 1685 1725 quasi
1728 1627 2022 1704 demens
2063 1621 2402 1726 ldquitur.
2453 1635 2846 1706 Manassem
2881 1629 3075 1703 enim

957 1742 1566 1841 archiepiscopum
1585 1751 1794 1818 vocat
1806 1743 2303 1835 archibricum,
2326 1743 2603 1820 asinum
2625 1751 3071 1832 coronatum,

957 1857 1252 1932 idiotam
1310 1857 1799 1950 indiscretum,
1868 1857 2203 1956 quicquid
2273 1859 2438 1934 facit
2503 1857 3035 1958 parvipendens
3050 1915 3071 1950 ,

958 1971 1464 2048 dehonestans¹
1492 1982 1566 2049 et
1590 1973 2112 2072 blasphemans.
2143 1971 2420 2048 Positus
2442 1997 2616 2072 ergo
2642 1981 2844 2048 extra
2866 1996 3079 2071 spem

957 2087 1485 2164 misericordiae
1521 2113 1612 2164 ex
1662 2096 1868 2187 parte
1901 2088 2267 2165 Remensis
2313 2087 2687 2162 aecclesiae
2701 2146 2721 2177 ,
2771 2091 3079 2164 Romam

955 2205 1061 2279 ire
1096 2205 1376 2304 paravit
1414 2231 1431 2278 τ
1473 2213 1546 2278 et
1581 2203 1744 2278 ideo
1771 2203 2080 2303 quedam
2116 2203 2365 2279 tribuit
2388 2211 2463 2277 et
2490 2204 2799 2301 quedam
2822 2203 3077 2279 vendi-

954 2320 1095 2411 dit,
1136 2329 1210 2394 et
1244 2345 1428 2420 quae
1460 2344 1604 2394 non
1638 2319 1874 2418 potuit
1908 2319 2081 2395 dare
2127 2344 2261 2394 nec
2306 2317 2617 2394 vendere
2655 2329 2777 2394 aut
2818 2317 3077 2420 pigno-
3135 2413 3143 2418 -

952 2436 1138 2510 ravit
1161 2444 1283 2511 aut
1309 2434 1702 2535 dissipavit.
1744 2433 2133 2510 Prelibato²
2159 2433 2351 2509 enim
2385 2435 2661 2534 Hugoni
2690 2434 3073 2510 castellano

931 2548 1311 2628 ‚cameraci
1381 2549 1854 2625 castellaniam
1922 2548 2231 2626 reddidit
2312 2549 2495 2625 infra
2564 2549 2826 2625 urbem
2843 2551 2873 2596 ³
2938 2574 3077 2648 per

951 2689 1283 2767 magnam
1319 2663 1692 2765 pecuniam
1728 2689 1747 2739 t
1792 2690 2008 2763 quam
2036 2663 2169 2742 sibi
2200 2689 2590 2763 numquam
2626 2663 3073 2741 reddendam

951 2781 1349 2859 Lietbertus
1378 2782 1756 2881 episcopus
1786 2782 2195 2857 firmaverat
2236 2806 2371 2880 per
2404 2768 3075 2858 excommunicatio-

1025 3048 1077 3104 1.
1115 3048 1493 3104 dehonestans.
1523 3044 1690 3103 Dans
1717 3045 1773 3103 le
1798 3062 1909 3103 ms.
1940 3046 2317 3103 hehomstans.

1022 3134 1073 3193 2.
1115 3135 1196 3193 Ge
1233 3141 1385 3209 mot,
1431 3134 1582 3192 ainsi
1619 3152 1732 3209 que
1770 3150 1917 3192 nous
1952 3132 2169 3191 l’avons
2196 3131 2438 3209 marque
2465 3133 2612 3192 dans
2641 3132 3071 3193 l’Jntroduction

955 3224 1132 3295 (num.
1166 3224 1276 3299 14),
1305 3228 1536 3282 monti-a
1562 3236 1676 3298 que
1705 3229 1856 3282 cette
1880 3222 1995 3281 Vis
2032 3222 2255 3281 d’Odon
2292 3222 2434 3281 etait
2467 3222 2741 3297 regardee
2782 3238 2887 3298 par
2923 3222 3069 3281 l’au-

950 3317 1080 3369 taur
1105 3326 1330 3371 comme
1357 3311 1416 3369 la
1441 3312 1837 3371 continuation
1866 3311 1939 3369 de
1967 3310 2025 3369 la
2050 3308 2382 3385 Chronique
2410 3309 2511 3369 des
2536 3310 2786 3385 eveqnos
2812 3311 2886 3370 de
2904 3310 3070 3371 Cam·

953 3396 1094 3475 brai,
1121 3398 1158 3455 a
1184 3398 1431 3474 laquelle
1457 3399 1649 3458 devait
1676 3398 2007 3473 appan-tenir
2031 3399 2189 3457 aussi
2217 3398 2275 3457 la
2302 3398 2418 3458 Vis
2444 3398 2517 3456 de
2546 3399 2828 3459 Graucher.

1023 3486 1073 3545 3.
1115 3487 1494 3562 G’est-a-dire,
1524 3503 1660 3546 sans
1689 3486 1884 3561 doute,
1912 3486 2054 3561 qu’il
2082 3486 2167 3544 lui
2193 3486 2435 3546 accorda
2462 3486 2533 3547 de
2560 3488 2797 3562 remplir
2823 3487 2897 3547 de
2924 3504 3067 3546 nou-

951 3590 1098 3633 veau
1135 3576 1221 3634 les
1257 3576 1544 3635 fonctions
1572 3575 1646 3636 de
1671 3576 1990 3649 enstelain,
2018 3606 2086 3619 —
2114 3591 2253 3635 avec
2272 3576 2603 3651 iouissance
2630 3578 2731 3635 des
2760 3576 2941 3636 dmits
2966 3577 3067 3652 qui

951 3680 992 3737 y
1017 3664 1237 3723 etaient
1276 3666 1554 3740 attachas,
1582 3694 1656 3709 --
1681 3665 1830 3723 dans
1856 3666 1912 3722 la
1936 3663 2075 3723 ville
2102 3665 2175 3723 de
2200 3664 2488 3740 Cambrai,
2519 3681 2657 3728 sans
2698 3666 2943 3739 pouvoir
2968 3664 3067 3723 ‘lui

949 3753 1217 3811 aecor-der
1251 3753 1306 3812 le
1340 3756 1571 3813 οὴάεοαυ
1609 3753 1680 3812 de
1707 3754 1977 3811 Gambrai
1990 3796 2008 3825 ,
2051 3752 2411 3812 c'est-a-dire
2446 3752 2503 3809 la
2529 3753 2693 3827 place
2720 3753 2800 3813 du
2824 3754 3067 3813 Catena-

950 3838 1306 3915 Cambresis‚
1352 3840 1452 3915 qui
1496 3858 1559 3898 se
1599 3840 1849 3899 trouvait
1887 3840 2037 3898 alors
2079 3848 2243 3898 entre
2283 3839 2369 3899 les
2408 3840 2599 3897 mains
2640 3840 2721 3897 du
2764 3847 2954 3899 comte
2995 3840 3067 3899 de

949 3926 1198 3986 Flandre
1234 3927 1452 3986 Robert
1477 3928 1538 3985 11
1567 3928 1772 4003 (comp.
1804 3927 1935 4001 plus
1974 3928 2117 3986 haut
2144 3928 2282 3988 Gest.
2315 3928 2597 3997 Galcherw‘,
2640 3934 2741 3985 str.
2782 3928 2927 4003 528).
2970 3924 3063 3985 Du

948 4022 1098 4074 leste
1126 4016 1366 4091 Hugues
1401 4016 1461 4073 11
1500 4016 1700 4092 d’Oisy
1727 4024 1827 4075 eut
1866 4018 1995 4076 soin
2036 4018 2195 4075 aussi
2234 4016 2305 4075 de
2342 4016 2787 4076 s’accommoder
2824 4034 2963 4076 avec
2996 4033 3065 4075 ce

946 4102 1311 4254 exigi-,1012
1331 4106 1857 4268 sg)reconnaissant
1882 4122 1989 4165 son
2017 4104 2207 4165 vassal
2236 4105 2441 4181 (comp.
2472 4106 2604 4180 plus
2626 4105 2729 4165 bas
2754 4106 2893 4165 aest.
2924 4108 3061 4163 Bur·

1147 4240 1164 4263 ,
1231 4238 1249 4269 ,
1315 4238 1330 4253 .
1423 4238 1435 4251 .
