3478 5438
1241 480 1632 534 sueonum.
1663 480 1700 531 l.
2442 487 2529 538 115

407 616 724 692 rumoris
767 614 992 690 odore
1041 639 1177 713 pro
1227 638 1472 689 amore
1519 623 1824 713 paterno
1874 616 1945 690 in
1996 616 2149 716 ejus
2198 617 2531 701 nimirum

407 734 764 808 animatur
787 730 1078 806 auxilio.
1117 735 1344 820 Quem
1367 730 1534 806 ideo
1557 731 1885 830 protinus
1912 731 2326 809 mandalum
2352 735 2535 810 suis-

405 875 548 948 que
588 848 840 924 litteris
873 846 1255 935 munitum,
1296 871 1460 922 cum
1493 845 1681 921 bona
1718 871 1849 944 spe
1884 855 1958 921 et
1992 847 2245 948 grandi
2278 849 2534 924 fiducia

405 962 912 1064 recuperandi,
981 963 1247 1038 domno
1311 962 1705 1038 transmisit
1768 987 1955 1061 pape
2014 964 2301 1038 Pascali.
2372 969 2536 1040 Mox

403 1089 752 1182 operante
786 1085 932 1156 Deo
969 1089 1045 1154 et
1077 1077 1589 1178 archiepiscopi
1625 1077 2035 1154 testimonio
2048 1137 2067 1169 ‚
2124 1081 2347 1155 immo
2382 1081 2535 1181 ejus

403 1197 727 1287 consilio,
767 1194 961 1297 apud
997 1190 1236 1294 ipsum
1272 1219 1535 1296 papam
1561 1195 1916 1270 Pascalem
1952 1195 2302 1292 quesitam
2338 1197 2535 1272 inve-

405 1315 514 1388 nit
558 1313 860 1414 gratiam
903 1319 978 1386 et
1019 1310 1648 1388 misericor-<flama
1705 1315 2237 1410 Reversumque
2283 1339 2325 1386 a
2368 1337 2535 1412 pre-

407 1430 636 1505 sentia
684 1451 896 1528 pape.
927 1425 1120 1502 idem
1169 1426 1743 1526 archiepiscopus
1794 1426 2100 1526 benigne
2145 1428 2416 1527 recepit
2464 1436 2537 1503 et

405 1552 752 1644 precepto
787 1543 1108 1643 ejusdem
1143 1541 1512 1642 apostolici
1547 1543 1624 1618 in
1659 1543 1945 1618 nomine
1980 1545 2261 1618 Domini
2308 1543 2535 1642 pridie

405 1685 632 1734 nonas
662 1657 881 1759 junii²
927 1657 1438 1733 honorabiliter
1479 1657 1724 1738 Remis
1770 1659 2251 1734 consecravit³
2265 1716 2280 1732 .
2330 1658 2537 1734 Deni-

403 1801 550 1876 que
571 1776 1033 1850 confirmatus
1053 1773 1126 1848 in
1154 1773 1540 1873 pontificali
1569 1774 1887 1873 potentia·
1908 1774 2263 1850 cameraci
2290 1799 2537 1873 recep*

403 1901 526 1967 tus
561 1898 671 1965 est
706 1915 872 1964 cum
903 1889 1181 1964 honore
1215 1888 1460 1966 debito
1506 1898 1578 1964 et
1621 1891 1919 1966 solemni
1958 1891 2186 1966 leticia
2200 1948 2221 1980 ‚
2265 1893 2538 1991 positus

405 2032 451 2080 a
488 2008 719 2106 legato
755 2014 996 2080 sancte
1031 2005 1455 2105 metropolis
1490 2005 1563 2080 in
1600 2006 1941 2105 pastorali
1978 2007 2338 2082 cathedra.

509 2135 590 2201 3.
671 2134 750 2203 ln
803 2120 1039 2228 primo
1090 2129 1306 2230 igitur
1359 2153 1572 2204 curae
1623 2131 1997 2228 pastoralis
2052 2131 2335 2231 negotio
2384 2131 2539 2230 ipse

407 2245 862 2322 Burchardus
895 2244 1215 2344 pontifex
1237 2245 1638 2344 praefectus
1651 2246 1678 2292 ⁴
1701 2271 1745 2320 a
1767 2247 2091 2336 Domino,
2124 2247 2321 2322 venit
2354 2247 2539 2322 inter

407 2361 788 2438 canonicos
825 2361 1011 2436 sicut
1043 2368 1249 2460 pater
1283 2361 1353 2434 in
1363 2369 1471 2435 ter
1502 2359 1685 2435 filios
1703 2419 1721 2451 ,
1766 2359 1951 2437 sicut
1984 2361 2317 2437 dominus
2354 2362 2540 2437 inter

407 2503 687 2568 servos,
727 2477 909 2552 sicut
943 2477 1284 2577 magister
1318 2476 1504 2550 inter
1531 2475 1954 2576 discipulos;
1994 2478 2237 2576 sicque
2262 2479 2539 2554 locutus

406 2602 518 2669 est
557 2593 643 2667 ad
684 2617 810 2670 eos
854 2620 870 2666 ε
915 2593 1310 2684 Karissimi,
1355 2603 1616 2691 oportet
1651 2618 1813 2683 nos,
1858 2595 1977 2692 qui
2018 2618 2228 2692 super
2268 2595 2538 2668 domum

410 2709 540 2785 Dei
589 2709 970 2809 episcopale
1017 2712 1438 2809 suscepimus
1485 2711 1945 2785 ministerium
1961 2767 1978 2799 ,
2032 2736 2119 2785 ne
2163 2711 2540 2786 dormitan-

411 2826 592 2899 tibus
627 2828 820 2902 nobis
857 2827 1136 2901 silentio
1171 2824 1624 2901 subtrahatur
1659 2852 1705 2901 a
1744 2826 1932 2901 vobis
1966 2828 2145 2926 quod
2183 2829 2539 2901 animabus

405 2945 658 3016 vestris
691 2944 788 3015 sit
823 2944 1314 3017 necessarium.
1355 2942 1459 3017 Ad
1502 2942 1626 3017 hoc
1657 2946 1835 3017 enim
1874 2946 2269 3019 transmissi
2302 2966 2537 3017 sumus

410 3081 456 3129 a
499 3056 784 3132 Domino
830 3069 898 3132 et
945 3082 990 3132 a
1039 3068 1270 3132 nostro
1319 3060 1715 3155 maqisterio
1766 3062 2092 3157 quatinus
2144 3082 2187 3131 a
2232 3058 2423 3132 nobis
2474 3070 2540 3131 et

399 3196 629 3271 prava
655 3176 1093 3272 corriqantur
1115 3185 1182 3249 et
1201 3172 1549 3247 salutaria
1574 3174 2039 3273 predicentur.
2086 3172 2278 3248 Vobis
2306 3176 2537 3273 itaque

485 3430 540 3485 1.
579 3428 850 3487 L’autem·
879 3431 1172 3504 supprime
1199 3430 1275 3488 ici
1312 3430 1608 3503 beaucoup
1637 3429 1708 3487 de
1735 3427 1947 3487 details
1974 3428 2280 3502 consignes
2309 3430 2453 3487 dans
2482 3430 2539 3486 la

411 3519 663 3579 seconde
690 3519 806 3577 Vie
833 3519 905 3577 de
932 3518 1250 3579 Burchard.

485 3607 540 3665 2.
582 3606 663 3663 Le
690 3607 724 3664 4
749 3608 904 3681 juin,
935 3608 970 3665 ὃ.
997 3606 1056 3665 la
1083 3608 1198 3665 sete
1226 3607 1297 3665 de
1315 3608 1374 3667 S.
1403 3608 1633 3685 Quirin,
1661 3609 1813 3667 ainsi
1841 3606 1981 3683 qu’il
2012 3615 2099 3667 est
2126 3608 2365 3683 marque
2392 3608 2535 3667 dans

408 3692 470 3752 la
490 3694 734 3753 seconde
754 3694 870 3753 Vie
905 3696 1019 3769 (str.
1046 3697 1156 3769 88).
1187 3696 1460 3755 L'auteur
1487 3696 1558 3755 de
1587 3698 1643 3755 la
1657 3696 1911 3756 Vei-sion
1930 3697 2208 3767 franceise
2228 3696 2363 3755 s'est
2389 3696 2537 3755 donc

409 3784 636 3857 trompe
665 3784 920 3859 lorsqu’il
949 3802 984 3843 a
1013 3784 1098 3843 dit
1124 3803 1236 3861 que
1273 3786 1331 3845 la
1367 3786 1763 3845 consecration
1805 3786 1877 3844 de
1912 3786 2211 3845 Burchard
2254 3802 2315 3843 se
2354 3784 2422 3843 fit
2462 3800 2534 3843 au

409 3872 564 3931 mois
588 3873 662 3931 de
687 3877 838 3932 June
871 3874 944 3949 (p.
979 3875 1100 3949 521,
1133 3890 1195 3933 n.
1229 3876 1340 3950 33).

483 3962 538 4019 3.
578 3962 740 4021 Cettc
771 3963 1162 4023 consecration
1187 3972 1290 4023 eut
1316 3965 1435 4022 lieu
1465 3982 1538 4022 en
1571 3965 1710 4023 1116
1726 4009 1743 4039 ,
1774 3980 1999 4025 comme
2025 3979 2103 4022 on
2130 3971 2271 4037 peut
2304 3963 2358 4022 le
2393 3979 2545 4033 conf

307 4100 320 4111 .
409 4048 572 4107 clure
598 4051 670 4108 de
697 4068 762 4109 ce
791 4042 1008 4126 quiest
1035 4053 1122 4111 dit
1148 4053 1278 4127 plus
1309 4055 1454 4113 haut
1478 4054 1514 4112 a
1540 4054 1597 4111 la
1626 4054 1707 4111 fin
1735 4053 1813 4111 du
1842 4054 1935 4110 ch.
1971 4055 2091 4111 let
2118 4070 2342 4112 comme
2370 4052 2413 4109 il
2445 4060 2533 4111 est

412 4138 654 4213 max-que
682 4140 1114 4213 expressement
1140 4140 1285 4199 dans
1314 4142 1584 4200 Lambert
1613 4142 1682 4201 de
1710 4140 2005 4200 Watrelos
2037 4146 2109 4216 (p.
2146 4142 2285 4215 513).

485 4230 539 4285 4.
575 4227 734 4285 Dans
762 4227 816 4285 le
845 4246 954 4286 me.
981 4232 1272 4301 perfectus.
