3478 5438
981 433 1068 484 146
1647 427 1653 432 “
1924 431 2133 484 GESTA

1025 571 1119 644 25
1367 574 1616 664 utpote
1652 567 1777 664 qui
1813 574 1965 641 erat
2002 566 2372 642 instinctus
2408 566 2687 656 litteris,

1265 692 1558 758 ornatus
1594 683 1807 757 etiam
1844 683 2165 758 moribus
2194 683 2487 781 optimis

1263 798 1460 874 etde
1490 797 1859 874 ordinibus
1888 797 2403 886 ecclesiasticis,

1263 915 1532 989 facetus
1563 911 1636 988 et
1669 913 1989 1013 prudens
2022 924 2095 989 et
2130 913 2589 988 honorabilis.

1018 1034 1113 1110 26
1361 1030 1492 1120 Qui
1527 1029 1817 1128 placens
1850 1030 2180 1105 omnibus
2214 1053 2351 1129 per
2384 1055 2512 1104 sua
2544 1030 2801 1104 merita

1261 1155 1474 1246 atque
1509 1171 1643 1246 per
1674 1165 1991 1248 congrua
2027 1150 2179 1245 ejus
2214 1146 2531 1234 servitia,

1260 1263 1540 1337 Henrici
1577 1263 1841 1338 cesaris
1878 1263 2136 1337 mansit
2168 1263 2241 1337 in
2273 1261 2487 1336 curia·

1259 1388 1342 1455 ut
1376 1379 1650 1479 probus
1685 1378 1983 1454 clericus
2016 1388 2089 1454 et
2124 1387 2373 1454 cautus
2408 1376 2732 1452 vernula.

1018 1499 1112 1574 27
1359 1501 1560 1570 Hunc
1593 1520 1796 1570 cesar
1832 1495 2131 1594 diligens
2165 1519 2301 1594 pro
2338 1493 2485 1568 suis
2516 1491 2793 1567 actibus

1261 1609 1570 1708 acceptis
1605 1618 1755 1684 tam
1788 1613 1935 1684 Deo
1967 1632 2186 1706 quam
2220 1615 2293 1683 et
2326 1606 2757 1696 hominibus,

1255 1724 1522 1826 judicat
1558 1725 1779 1800 affore
1814 1725 2115 1825 dignum
2150 1725 2225 1798 in
2260 1723 2598 1799 omnibus.

1261 1849 1540 1916 sanctae
1576 1840 1951 1916 aecclesiae
1989 1839 2524 1939 prelationibuS.

1018 1961 1112 2036 28
1359 1957 1534 2032 Hinc
1569 1981 1700 2056 per
1733 1956 2109 2055 epistolam
2144 1965 2561 2053 certumque
2597 1953 2919 2030 nuntium

1259 2073 1450 2148 clero
1487 2082 1559 2147 et
1596 2073 1865 2171 populo
1902 2071 2513 2151 cameracensium

1259 2189 1550 2264 mandat
1584 2198 1658 2263 et
1689 2189 1992 2264 consulit
2024 2198 2108 2264 ut
2141 2189 2214 2262 in
2250 2189 2667 2287 episcopum

1197 2359 1202 2364 -
1259 2305 1749 2380 Burchardum
1783 2305 2047 2405 eligant
2080 2329 2287 2380 suum
2322 2305 2792 2379 carissimum.

1016 2422 1109 2498 29
1358 2421 1712 2495 Promittit
1747 2421 1961 2495 etiam
1996 2421 2185 2495 bona
2219 2421 2595 2496 aecclesiae

1259 2535 1448 2610 intus
1485 2544 1557 2611 et
1594 2536 1859 2610 deforis
1896 2545 2147 2611 cuncta
2182 2535 2568 2611 defendere

1260 2658 1334 2725 et
1369 2651 1626 2749 quibus
1667 2651 1931 2751 poterit
1962 2650 2198 2726 modis
2236 2667 2671 2739 accrescere‚·

1260 2768 1320 2843 si
1354 2768 1552 2843 illum
1588 2768 1916 2843 studeant
1952 2768 2088 2842 sibi
2124 2770 2495 2867 preficere.

1019 2890 1110 2958 30
1358 2883 1655 2983 Cognito
1691 2884 1953 2959 cesaris
1990 2885 2181 2959 bono
2218 2884 2512 2958 consilio

1257 3006 1331 3073 et
1366 2998 1553 3073 bona
1589 3000 1829 3075 omnia
1862 3008 2165 3099 testante
2202 3000 2475 3089 nuntio,

1240 3117 1446 3215 ‘proti
1452 3139 1584 3190 nus
1623 3115 1805 3189 facta
1841 3125 1953 3191 est
1987 3140 2281 3191 consors
2318 3115 2569 3191 electio

1261 3258 1302 3305 a
1338 3231 1528 3306 clero
1565 3232 1835 3330 pariter
1871 3243 2083 3331 atquc
2120 3260 2163 3307 a
2198 3233 2494 3332 populoe

1019 3352 1096 3422 3⁴
1357 3346 1634 3422 Electus
1667 3348 1909 3446 itaque
1942 3350 2199 3447 repetit
2234 3373 2553 3423 cesarem

1257 3471 1331 3537 et
1365 3487 1564 3537 cesar
1599 3462 1797 3563 eligit
1826 3464 2064 3561 ipsum
2098 3464 2169 3538 in
2210 3465 2593 3563 presulem.

1261 3578 1319 3651 A
1355 3579 1795 3678 coepiscopis
1831 3581 2095 3654 electus
2130 3581 2369 3671 etiam,
2446 3574 2451 3577 ’

1259 3692 1350 3767 ad
1387 3693 1523 3767 sibi
1559 3694 1893 3770 traditam
1929 3696 2117 3771 redit
2150 3694 2545 3771 ecclesiam.

1017 3806 1112 3883 32
1355 3816 1444 3885 Et
1477 3836 1642 3886 cum
1679 3811 2021 3911 recipitur
2055 3813 2327 3891 honore
2362 3811 2606 3887 debito

1258 3928 1867 4003 Cameracensium
1902 3956 1946 4005 a
1980 3952 2197 4031 grege
2236 3928 2547 4017 subdito,

1256 4041 1500 4118 laudes
1536 4052 1610 4117 et
1643 4044 1912 4144 gratiae
1946 4044 2347 4119 redduntur
2378 4042 2679 4119 Domino

1258 4157 1451 4255 quod
1489 4158 1591 4233 sic
1625 4162 2039 4235 confirmata
2075 4168 2187 4235 est
2222 4159 2375 4259 ejus
2410 4158 2685 4234 electi0.
