3478 5438
1281 495 1646 546 nmmum.

793 629 996 721 Quod
1033 653 1112 704 se
1145 627 1531 728 pepigisse,
1576 627 1819 717 credo,
1862 627 2189 726 penituit,

664 769 859 834 ,cum
891 753 1060 843 post
1092 744 1174 820 in.
1201 744 1474 820 honore
1511 752 1649 818 stat
1682 752 2025 841 quantum
2059 743 2315 841 potuit.

399 861 497 938 27
499 867 546 938 5
791 865 1110 959 Namque
1145 858 1236 934 ad
1273 883 1590 934 cesarem
1625 858 1824 934 vadit
1858 859 2220 949 continuo,

697 987 994 1076 sperans
1026 975 1304 1051 restitui
1339 974 1492 1075 ejus
1525 974 1813 1050 auxilio.

2430 499 2515 552 169

789 1091 1027 1191 Pergit
1059 1090 1153 1167 ad
1189 1100 1576 1190 patronum
1603 1097 1771 1164 ante
1806 1089 1995 1164 hunc
2030 1091 2437 1181 terminum,

689 1205 1058 1305 postulans
1095 1203 1410 1280 scribere
1447 1205 1540 1280 ad
1575 1203 2040 1304 apostolicum
2080 1231 2097 1278 ε

787 1331 869 1397 ut
902 1329 1200 1419 propter
1233 1321 1646 1402 mandatum
1679 1320 1943 1396 cesaris
1976 1321 2275 1422 gratiam

396 1441 544 1516 280
693 1437 1021 1537 promissi
1055 1437 1262 1512 faciat
1295 1437 1883 1512 misericordiam.

789 1552 992 1628 Illum
1027 1554 1252 1628 secuti
1284 1563 1455 1630 sunt
1489 1555 1706 1629 curtis
1742 1553 2151 1652 prepositus

691 1675 906 1766 atque
942 1669 1302 1744 cameraci
1336 1669 1628 1768 quidam
1661 1669 1755 1743 de
1793 1668 2094 1759 civibus,

787 1792 1198 1860 accusantes
1235 1811 1401 1860 eum
1437 1808 1682 1860 coram
1714 1783 2185 1884 principibuS,

689 1925 937 1976 coram
969 1899 1350 1998 episcopis,
1394 1925 1638 1974 coram
1670 1901 2073 1989 comitibus,

390 2019 540 2094 285
788 2016 880 2090 de
913 2015 1050 2091 hoc
1085 2015 1279 2114 quod
1315 2039 1564 2090 omnes
1603 2015 1754 2089 vult
1790 2014 1879 2089 de
1907 2015 2070 2114 jure
2109 2015 2405 2114 proprio

689 2131 1180 2206 exhereditare
1215 2130 1367 2204 sine
1396 2131 1690 2230 judicio.

785 2251 842 2322 E
873 2256 1122 2322 contra
1156 2245 1600 2345 respondens
1637 2247 1877 2345 presul
1912 2247 2212 2322 viriliter

687 2363 840 2462 regi
879 2363 1183 2438 innotuit
1220 2387 1437 2463 quam
1469 2361 1841 2437 infideliter

787 2479 924 2576 ipsi
957 2479 1313 2555 Cameraci
1345 2477 1541 2553 illum
1577 2487 2052 2552 tractaverant

387 2598 537 2672 290
687 2603 761 2670 et
795 2618 964 2668 suos
997 2593 1322 2670 redditus
1357 2593 1488 2668 sibi
1523 2592 1985 2668 abstulerant.
2108 2609 2127 2625 ·

786 2709 989 2800 Quod
1025 2708 1310 2807 quando
1348 2709 1643 2785 audiunt
1681 2707 1939 2784 divites
1969 2707 2263 2799 domini,

685 2825 971 2901 tractari
1007 2826 1336 2901 timentes
1371 2850 1572 2900 more
1609 2825 1982 2914 consimili,

779 2939 1097 3039 judicant
1130 2948 1214 3015 ut
1247 2940 1478 3015 nullus
1514 2939 1787 3015 servire
1820 2930 2077 3016 audeat

685 3055 974 3131 domino
1009 3056 1306 3154 proprio
1343 3056 1476 3131 nisi
1511 3056 1884 3155 precipiat,

383 3175 536 3251 295
779 3172 904 3269 qui
943 3171 1266 3247 feodatus
1302 3182 1414 3246 est
1445 3172 1702 3247 habeat
1734 3170 2025 3247 feodum

683 3287 1091 3387 nullumque
1129 3287 1393 3363 nolenti
1429 3296 1593 3387 agat
1627 3286 2033 3363 servitium¹
2049 3344 2066 3361 .

781 3402 1083 3478 Jubente
1119 3428 1360 3478 cesare
1396 3427 1566 3477 mox
1599 3428 1731 3501 per
1756 3402 2099 3502 judicium

685 3515 774 3592 de
805 3518 1256 3620 prepositura
1289 3520 1372 3594 fit
1404 3518 1857 3619 privilegium

781 3660 872 3709 ne
908 3635 1069 3735 quis
1103 3634 1499 3734 prepositet
1533 3635 1608 3707 in
1646 3660 1773 3709 sua
1808 3634 2000 3709 curia

387 3754 534 3825 300
685 3748 816 3824 nisi
851 3749 1282 3824 concesserit
1317 3748 1619 3847 presulis
1655 3748 1909 3848 gratia.

778 3865 956 3940 Hinc
990 3869 1528 3941 cameracenses
1564 3861 1831 3939 turbati
1868 3872 2187 3937 remeant

683 3988 756 4055 et
790 3980 928 4055 hoc
952 3980 1299 4077 judicium
1333 3978 1591 4055 nemini
1629 3978 2034 4077 propalant,

465 4240 515 4294 ¹.
558 4235 756 4311 Comp.
793 4238 1194 4304 Introduction,
1231 4252 1391 4293 num.
1427 4237 1514 4295 30.
