3478 5438
493 625 684 702 59.

491 1086 583 1156 60

491 1547 568 1618 61

492 2011 585 2086 62

492 2473 585 2544 63

492 2934 655 3009 64-

494 3401 587 3471 65

495 3862 588 3933 66

1263 483 1650 536 nunculium.
1681 487 1743 534 11.

829 625 918 696 Et
949 631 1028 696 ut
1063 629 1510 696 commoveat
1545 619 1773 722 magis
1807 620 2259 708 discordiam,

733 738 1351 814 Cameracensibus
1385 737 1675 812 mittens
1711 737 2083 836 epistolam

730 878 862 952 per
901 879 1084 953 pape
1119 854 1422 954 precipit
1456 853 1933 931 obedientiam

731 976 812 1042 ut
848 967 982 1042 sibi
1019 967 1279 1068 eligant
1315 969 1694 1044 honestum
1731 969 2115 1067 presulem.

829 1083 1136 1183 lnjungit
1169 1083 1382 1156 ctiam
1419 1084 1490 1155 vi
1527 1085 1914 1182 apostolica

731 1197 848 1272 illa
884 1198 1134 1272 electio
1168 1207 1246 1272 ut
1281 1200 1402 1272 fiat
1440 1207 1720 1275 mortua

733 1339 916 1411 quae
949 1313 1151 1413 prius
1185 1313 1413 1389 fuerat
1451 1339 1632 1388 vane
1669 1315 2061 1413 composita

731 1429 822 1505 de
860 1429 1018 1504 viro
1053 1431 1173 1529 qui
1215 1431 1407 1506 venit
1443 1455 1486 1503 a
1522 1430 1712 1530 regis
1748 1453 2055 1516 camera,

829 1543 1045 1645 q'uem
1081 1546 1646 1622 excommunicat
1683 1571 1767 1620 os
1804 1547 2269 1645 apostolicum

729 1669 802 1736 et
835 1687 972 1760 pro
1007 1686 1096 1736 eo
1131 1661 1422 1742 damnat
1455 1686 1745 1737 omnem
1781 1661 2275 1754 domesticum,

733 1800 1043 1876 suosque
1079 1777 1436 1876 principes
1471 1786 1543 1850 et
1578 1802 1865 1852 omnem
1902 1779 2243 1877 populum

733 1894 856 1990 qui
892 1892 1030 1967 sibi
1066 1892 1330 1968 faciunt
1363 1893 1581 1968 ullum
1619 1894 2015 1970 servitium.

831 2013 980 2082 Hoc
1017 2011 1558 2084 cameracenses
1593 2011 1860 2084 turbati
1893 2012 2141 2085 nuntio

733 2123 1060 2198 cavillant
1093 2149 1275 2221 quae
1306 2125 1534 2223 possit
1570 2126 1857 2200 obtendi
1896 2127 2077 2200 ratio

733 2263 824 2313 ne
860 2239 984 2312 fiat
1015 2239 1235 2314 altera
1270 2240 1495 2339 patris
1531 2239 1781 2315 electio

736 2363 810 2428 et
843 2363 1078 2428 tamen
1117 2364 1444 2430 servetur
1481 2381 1708 2456 papae
1747 2357 2116 2459 subjectio.

831 2473 1060 2560 Quare
1097 2471 1471 2546 aecclesiae
1509 2473 2005 2562 archidiaconi,

734 2613 776 2660 a
812 2587 1070 2684 quibus
1107 2587 1379 2662 consuli
1414 2586 1630 2664 debet
1665 2597 1738 2664 et
1773 2592 2083 2693 protegi,

733 2704 972 2803 ipsum
1005 2704 1430 2780 conveniunt
1468 2704 1692 2781 verbo
1726 2707 2052 2805 placabili

735 2822 1096 2895 Cononem
1132 2820 1440 2920 legatum
1476 2845 1704 2919 papae
1743 2821 2089 2897 catholici.

827 2934 1362 3035 ostenduntque
1401 2935 1534 3009 sibi
1571 2936 1752 3011 dura
1790 2937 2021 3025 exilia,

735 3051 1044 3149 rapinas,
1087 3051 1334 3150 prelia,
1377 3060 1670 3141 mortes,
1715 3053 2037 3129 incendia

735 3191 918 3263 quae
955 3174 1202 3241 cuncta
1240 3192 1374 3265 pro
1410 3192 1638 3266 papae
1675 3168 2077 3244 obedientia

641 3270 650 3285 ’
735 3283 1346 3358 Cameracensium
1385 3284 1632 3358 suffert
1671 3271 1991 3361 ecclesia.

834 3400 1218 3472 Precantur
1250 3406 1330 3472 ut
1364 3398 1521 3471 illos
1559 3398 1812 3473 saltem
1849 3400 2214 3489 sustineat,

735 3510 825 3586 de
861 3512 1202 3587 electione
1241 3538 1370 3587 nec
1407 3513 1562 3588 illos
1598 3523 1873 3615 arguat,

736 3628 962 3703 donec
993 3624 1382 3727 prelibatus
1420 3630 1871 3705 Burchardus
1906 3632 2148 3707 redeat

738 3751 810 3817 ct
847 3769 1032 3842 papa
1068 3744 1260 3843 quid·
1279 3744 1415 3819 sibi
1449 3745 1696 3820 fecerit
1731 3746 2013 3821 referat.

836 3860 905 3936 Si
941 3860 1131 3934 enim
1166 3870 1438 3935 remeat
1473 3862 1795 3961 ingratus
1830 3864 2103 3949 veniae,

737 3979 1091 4050 Romanae
1129 3976 1358 4075 parati
1396 3977 1841 4051 obedientiae

739 4102 812 4166 et
847 4092 998 4190 ejus
1034 4092 1265 4192 legato
1303 4094 1508 4192 plene
1547 4103 1869 4195 satagere

742 4208 996 4283 deinde
1037 4209 1394 4307 presulem
1431 4210 1785 4307 spondent
1822 4210 2107 4309 eligere.

2466 489 2543 540 15¹
