3478 5438
1000 451 1087 504 198

996 935 1135 1006 173

994 1395 1134 1468 474
1198 1361 1203 1366 ’

992 1856 1131 1927 175

992 2318 1131 2389 176

990 2781 1128 2852 177

990 3243 1126 3315 178

988 3702 1127 3773 179

1941 447 2146 498 uma

1430 589 1504 656 et
1539 581 1866 656 obsidem
1901 605 1978 655 se
2015 579 2311 655 dederat

1434 696 1627 797 quod
1662 704 1860 772 tutus
1893 695 1986 770 de
2021 703 2364 794 perpetua

1430 813 1669 911 presul
1710 813 1896 885 foret
1928 810 2072 885 fide
2107 835 2260 886 sua.

1527 933 1753 1020 Quam
1788 949 2080 1002 servare
2115 926 2282 1025 quia
2317 925 2616 1027 sprevit,

1429 1069 1566 1144 pro
1604 1042 1886 1142 presule
1919 1041 2074 1116 miti
2107 1042 2252 1116 ruit

1430 1160 1611 1234 sicut
1646 1167 1719 1232 et
1757 1157 1992 1233 Golias
2025 1157 2194 1232 fecit

1430 1299 1565 1376 pro
1602 1273 1994 1348 humilitate
2029 1273 2280 1348 David.

1525 1390 1840 1466 Tandem
1874 1389 2022 1462 suis
2057 1389 2398 1464 militibus

1426 1529 1687 1603 corpus
1724 1502 2022 1578 Gerardi
2055 1501 2407 1592 redditur,

1426 1620 1555 1696 sed
1590 1619 2212 1695 anathematizatus

1426 1737 1495 1811 in
1535 1736 1718 1810 atrio
1752 1759 1896 1809 non
1927 1734 2257 1810 mittitur.

1522 1856 1717 1926 Tunc
1753 1850 1868 1925 illa
1900 1851 2243 1926 diabolica

1425 1967 1711 2042 militiae
1748 1966 2032 2068 familia,

1426 2083 1797 2159 maledicta
1831 2093 1906 2158 et
1940 2082 2278 2181 pessima,

1426 2223 1608 2297 quae
1644 2199 1964 2274 Gerardo
1999 2197 2368 2287 servierat,

1522 2314 1820 2414 plangit,
1861 2314 2054 2389 dolet
2090 2323 2306 2414 atque
2341 2315 2599 2414 plorat,

1425 2429 1644 2504 vitam
1680 2431 1836 2530 ejus
1869 2430 2300 2529 magnificat,

1424 2569 1565 2620 non
1604 2545 1739 2621 alia
1769 2569 1862 2620 ex
1895 2546 2150 2645 gmtia,

1426 2660 1551 2737 sed
1590 2659 1681 2737 de
1718 2687 1847 2737 sua
1881 2661 2212 2739 malitia¹.

1519 2776 1867 2878 plangunt
1901 2788 1974 2853 et
2007 2778 2144 2852 viri
2181 2776 2438 2853 divites

1422 2892 1647 2993 ipsius
1682 2894 2115 2994 largitiones,

1424 3008 1613 3085 unde
1650 3008 2056 3111 gaudebant
2089 3008 2496 3108 complices,

1423 3124 1551 3201 sed
1586 3125 1759 3201 nudi
1797 3126 2062 3201 flebant
2095 3124 2376 3225 inopes.

1518 3240 1864 3317 Predator
1897 3267 1938 3315 a
1974 3240 2414 3340 predonibus

1422 3355 1748 3431 laudatur
1781 3365 1853 3431 et
1887 3356 2203 3458 diligitur

1421 3470 1513 3545 ab
1548 3469 1809 3569 iniquis
1842 3470 2248 3549 hominibus

1422 3586 1705 3686 iniquus
1741 3588 2206 3665 benedicitur.

1518 3708 1750 3803 Super
1783 3706 1922 3779 isto
1957 3706 2056 3780 nil
2083 3706 2327 3806 judico
2371 3735 2387 3780 :

1421 3843 1587 3894 nam
1624 3819 1716 3894 de
1751 3821 1945 3895 omni
1981 3822 2322 3897 catholico

1428 3934 1757 4033 perditiO‚
1799 3938 2096 4012 salvatio

1060 4190 1109 4245 1.
1150 4189 1203 4247 11
1232 4208 1267 4265 y
1296 4191 1450 4249 avait
1477 4191 1708 4250 d’abord
1738 4192 1883 4251 dans
1911 4195 1966 4253 le
1993 4212 2103 4251 ms.
2137 4200 2367 4253 militia.
