3478 5438
948 979 1075 1050 39⁴

949 1442 1089 1518 392

951 1905 1090 1976 393

950 2363 1091 2439 394

949 2831 1090 2902 395

1901 493 2109 546 Gsssn

1385 637 1459 702 et
1492 651 1625 728 per
1661 626 1876 703 stulta
1909 597 2234 702 consilia¹

1382 768 1682 845 regnum
1718 767 1930 819 suum
1963 742 2321 818 invaserat

1385 867 1459 933 et
1493 858 1675 934 male
1712 857 2208 957 dissipaverat.

1480 979 1633 1050 Rex
1669 999 1844 1074 ergo
1881 975 2066 1050 sicut
2100 974 2372 1074 equitat

1383 1115 1547 1166 cum
1582 1091 1806 1192 regali
1841 1091 2088 1166 militia

1384 1207 1649 1282 eadunt
1682 1215 1848 1282 ante
1885 1233 1962 1283 se
1999 1207 2281 1284 castella

1382 1323 1454 1397 vi
1492 1332 1614 1399 aut
1648 1325 1906 1399 timore
1943 1325 2206 1399 omnia.

1482 1438 1756 1516 Cadunt
1792 1439 2108 1540 quinque
2142 1465 2276 1539 per
2311 1463 2715 1528 numerum,

1382 1553 1711 1630 videlieet
1745 1553 2251 1644 Max-chonium,

1384 1669 1655 1746 Paluels
1693 1680 1764 1744 et
1797 1669 2139 1756 luceium,

1384 1785 1667 1860 Esclusa
1706 1796 1780 1860 et
1813 1785 2298 1861 Bulchenium.

1482 1901 1620 1976 Sed
1654 1900 1954 1978 Exclusa
1988 1902 2089 1992 vi,
2132 1901 2426 1992 assultu,

1386 2041 1581 2108 ense,
1626 2017 1788 2118 igne
1825 2019 2327 2108 consternitur,

1383 2133 1661 2222 occisis,
1702 2135 1930 2234 captis
1965 2134 2288 2233 pluribus

1385 2249 1477 2324 de
1514 2249 1792 2324 comitis
1827 2250 2230 2326 militibus¹.

1484 2365 1876 2440 Transisset
1911 2391 2041 2440 rex
2079 2366 2359 2440 inantea

1386 2481 1520 2555 nisi
1556 2481 1760 2580 equis
1794 2482 2149 2557 contraria

1383 2605 1571 2671 esset
1604 2605 1840 2672 terrae
1877 2597 2222 2698 fragilitas

1384 2723 1457 2787 et
1490 2711 1769 2811 hyemis
1805 2713 2152 2812 asperitas
2195 2741 2216 2802 ;

1482 2836 1555 2902 et
1588 2836 1828 2903 tantus
1863 2852 2041 2929 grex
2079 2828 2366 2903 militiae

1386 2968 1529 3019 non
1563 2952 1848 3045 poterat
1883 2944 2202 3044 equitare

948 3178 1121 3248 paute
1161 3172 1387 3233 d’Alost
1426 3184 1485 3234 et
1525 3176 1679 3233 aussi
1722 3192 1866 3249 pour
1907 3175 2182 3251 quelques
2225 3183 2400 3233 terres
2441 3174 2658 3233 situees
2699 3190 2800 3233 sur
2842 3174 2900 3233 la
2947 3174 3064 3233 rive

948 3264 1167 3338 gauehe
1208 3264 1282 3322 de
1328 3264 1578 3322 l’Escaut
1620 3262 1709 3336 (le
1757 3281 1896 3339 pays
1939 3264 2010 3324 de
2048 3264 2232 3323 Waes
2275 3270 2333 3323 et
2374 3263 2459 3322 les
2499 3262 3028 3334 Quatre-Metiers)
3046 3306 3062 3335 ‚

946 3353 1255 3428 conquises
1281 3370 1351 3411 au
1384 3366 1449 3410 x·
1477 3353 1649 3412 siecte
1675 3371 1780 3427 par
1807 3353 2149 3425 l'empereur
2174 3352 2371 3412 Othon
2399 3352 2453 3412 le
2482 3352 2697 3411 Grand.

1020 3444 1071 3499 1.
1113 3442 1195 3500 La
1222 3440 1553 3517 chronique
1580 3444 1651 3502 de
1682 3443 1862 3500 Prum
1891 3444 2082 3502 donne
2119 3459 2194 3501 au
2229 3444 2380 3516 sujet
2415 3442 2517 3501 des
2557 3448 2868 3516 avant-ages
2909 3460 3064 3500 rem-

945 3532 1137 3606 portes
1166 3548 1267 3606 par
1294 3530 1637 3607 l’empereur
1670 3532 1952 3607 quelques
1989 3531 2193 3590 details
2219 3533 2394 3606 qu’on
2430 3548 2506 3590 ne
2543 3540 2744 3590 trouve
2781 3548 2884 3605 pas
2921 3530 3068 3589 dans

946 3620 1033 3677 les
1054 3626 1248 3679 autres
1276 3620 1617 3679 documents
1638 3620 2101 3695 contemporains
2124 3637 2138 3679 ε
2160 3623 2456 3679 Heinricus
2475 3624 2796 3692 imperator,
2821 3618 3066 3691 dit-elle,

950 3725 1077 3765 cum
1116 3714 1357 3767 exercitu
1396 3717 1607 3768 terram
1646 3714 1879 3783 Rup'erti
1915 3715 2130 3767 comitis
2167 3712 2524 3769 Flandrcnsis
2565 3714 2775 3777 intrat,
2817 3716 3068 3766 castrum

948 3800 1177 3855 Bolzain
1218 3815 1345 3855 cum
1384 3805 1581 3858 multis
1619 3804 1756 3858 aliis
1796 3804 2032 3858 castellis
2061 3804 2210 3872 capit
2237 3808 2288 3857 ct
2324 3803 2573 3857 incendit
2598 3806 2648 3857 ct
2675 3802 3070 3870 firmissimum

947 3893 1195 3945 castrum
1214 3888 1467 3947 sclusam
1494 3896 1774 3961 expuynat
1801 3897 1852 3946 et
1879 3892 2142 3957 incendit,
2172 3894 2366 3947 multis
2384 3894 2557 3961 captis
2576 3895 2628 3946 ct
2637 3892 2838 3961 paucis
2855 3890 3064 3945 occisis.

942 3976 1216 4046 Rupcrtus
1232 3980 1495 4033 victoria
1512 3980 1870 4048 Imperatoris
1889 3980 2162 4046 invidens,
2181 3994 2286 4034 sua
2303 3981 2418 4048 ipse
2435 3978 2824 4033 munitissima
2843 3977 3068 4032 castella

942 4064 1233 4132 comburit,
1262 4068 1469 4122 scilicet
1494 4069 1634 4134 Inci,
1666 4068 1978 4137 Bapalmas,
2021 4068 2250 4134 Demeis,
2283 4066 2562 4132 Har-coin,
2604 4080 2746 4135 quac
2781 4068 2900 4136 ipsc
2935 4080 3069 4120 con-

939 4157 1224 4211 struxerat
1251 4160 1445 4211 contra
1465 4155 1826 4213 Camaracum
1843 4156 2081 4224 (Recueil
2107 4158 2196 4213 dos
2226 4156 2436 4212 Histor-
2463 4156 2528 4211 dc
2555 4154 2783 4225 Franco,
2813 4160 2860 4211 t.
2887 4151 3060 4224 xm,

940 4256 997 4315 p.
1022 4240 1169 4308 727).
