3478 5438
1239 513 1627 570 amomum.
1665 521 1704 568 1.
2440 521 2531 576 119

415 653 727 729 cruciato
771 651 1043 726 tamdiu
1089 651 1438 726 concessit
1471 649 1715 728 vivam
1760 653 1955 753 quod
2002 655 2319 754 spacium
2366 681 2532 731 con-

415 768 742 846 fessionis
777 777 851 842 et
886 769 1114 842 locum
1151 767 1397 842 habuit
1427 767 1881 867 penitentiae.

400 916 404 922 ·
513 890 594 957 6.
645 889 770 956 De
804 889 1072 955 morto
1105 886 1488 956 Balduini
1529 885 1881 955 comitis.
1923 925 2023 943 —
2058 885 2369 963 Audiens
2404 889 2535 962 ita-

414 1027 556 1100 que
591 999 1040 1077 Burchardus
1074 999 1453 1098 episcopus
1489 999 1683 1098 quod
1719 999 1813 1074 de
1846 1001 1991 1076 vita
2034 1003 2311 1078 comitis
2347 1004 2535 1078 nulla

415 1141 584 1216 spes
619 1116 986 1202 habeatur,
1027 1115 1236 1216 legati
1269 1116 1376 1190 sui
1410 1115 1502 1190 ad
1529 1116 1769 1215 ipsum
1802 1118 2139 1192 velociter
2173 1120 2537 1194 transmit-

410 1241 692 1322 tuntur,
735 1233 1077 1330 quesituri
1113 1257 1204 1306 ex
1239 1239 1442 1330 parte
1479 1257 1606 1308 sua
1631 1241 1713 1306 ut
1735 1233 2139 1332 predictum
2169 1237 2535 1310 castellum

416 1357 657 1424 sancte
693 1348 948 1424 Mariae
981 1356 1056 1423 et
1091 1347 1564 1423 castellaniam
1596 1348 1959 1424 liberrime
1994 1349 2283 1440 reddat,
2336 1359 2410 1425 et
2446 1376 2536 1427 ne

415 1487 788 1541 successor
834 1464 984 1564 ejus
1042 1465 1116 1537 in
1162 1463 1458 1538 eandem
1502 1464 2027 1563 possessionem
2078 1473 2244 1564 post
2298 1467 2533 1565 ipsum

413 1582 746 1670 introeat,
779 1605 919 1679 pro
941 1579 1050 1654 sui
1077 1579 1516 1655 absolutione
1543 1588 1614 1654 et
1643 1589 2099 1678 peccatorum
2122 1580 2535 1656 remissione

413 1697 717 1771 firmiter
738 1695 1198 1795 precipiendo
1223 1696 1622 1794 prohibeat.
1655 1699 1994 1795 Suscepta
2022 1697 2321 1772 libenter
2345 1695 2536 1797 lega-

413 1813 608 1889 tione
639 1813 1014 1912 pontificis,
1057 1837 1298 1888 comes
1333 1812 1657 1888 infirmus
1683 1820 2176 1911 compunctus,
2218 1811 2528 1899 humilis»,

419 1928 870 2004 similitudine
923 1929 1074 2001 veri
1124 1927 1503 2027 penitentis
1519 1985 1536 2016 ‚
1587 1935 1967 2024 utramque
2012 1926 2538 2026 possessionem

415 2046 755 2145 episcopo
778 2044 1074 2119 liberam
1099 2045 1453 2134 clamavit,
1481 2043 1863 2119 exterritus
1885 2051 2119 2119 morte
2143 2043 2537 2119 imminenti

415 2170 491 2236 et
527 2161 784 2236 timore
812 2161 1088 2235 Domini
1123 2168 1197 2234 et
1230 2159 1347 2233 die
1373 2158 1642 2259 judicii.
1684 2163 1893 2234 Facta
1929 2184 2105 2233 vero
2138 2159 2537 2235 redditione

416 2277 684 2351 castelli
731 2284 804 2349 et
849 2275 1287 2350 castellaniae
1303 2333 1322 2365 ,
1376 2299 1617 2349 comes
1671 2275 2062 2350 absolvitur
2076 2333 2095 2364 ,
2154 2283 2537 2373 antequam

415 2392 791 2479 moriatur,
829 2418 868 2466 a
897 2390 1306 2466 Burchardo
1333 2389 1667 2489 pontifice
1697 2417 1714 2464 ε
1752 2415 1881 2465 nec
1904 2414 2134 2476 mora,
2169 2389 2537 2466 defunctus

417 2511 596 2598 est¹,
628 2512 774 2583 Deo
801 2508 1090 2608 gratias,
1133 2507 1204 2582 in
1234 2506 1618 2606 penitentia
1654 2513 1728 2580 et
1763 2505 2258 2582 satisfactione.
2300 2511 2541 2604 Usque

417 2623 664 2713 modo,
707 2623 1134 2723 propitiante
1161 2623 1488 2712 Domino,
1531 2622 1704 2697 haec
1737 2622 1975 2697 omnia
2010 2647 2357 2721 prospere
2383 2647 2539 2697 cre-

417 2741 656 2815 dimus
694 2738 1030 2815 accidisse
1067 2740 1156 2814 ad
1189 2738 1627 2813 reddendam
1656 2748 1937 2813 sanotae
1966 2740 2221 2814 Mariae
2256 2764 2539 2837 posses-

420 2857 693 2932 sionem
712 2880 938 2930 suam.
959 2856 1096 2933 Sed
1111 2854 1457 2945 diabolus,
1476 2855 1662 2937 bone
1677 2855 1968 2930 actionis
1982 2856 2289 2945 inviduS,
2311 2855 2541 2931 adhuc

417 2973 796 3070 temptavit
821 2978 1167 3070 quantum
1194 2973 1424 3071 potuit
1455 2972 1720 3070 paratis
1757 2971 2105 3047 obsistere
2138 2971 2547 3070 factamque

421 3088 948 3163 concessionem
975 3089 1046 3163 in
1071 3088 1354 3187 longam
1384 3087 1990 3187 perturbationem
2017 3088 2386 3163 reducere.

521 3212 600 3277 ’7.
651 3210 776 3277 De
811 3210 1124 3277 Kal-olo
1162 3207 1461 3276 comite
1501 3206 2016 3275 mandi-ensi.
2058 3246 2157 3259 —
2192 3204 2541 3279 Successit

423 3322 706 3398 enimin
730 3320 1079 3427 honorem
1099 3317 1416 3395 Balduini
1451 3319 1728 3393 comitis
1766 3320 2030 3417 nepos²
2060 3344 2229 3395 suus
2256 3318 2541 3394 nomine

421 3437 755 3524 Karolus‚
809 3437 1000 3537 regis
1034 3436 1489 3512 Danimarcae
1533 3434 1752 3524 filius,
1811 3435 1923 3509 vir
1972 3442 2227 3535 potens
2263 3442 2335 3510 et
2368 3460 2541 3535 pru-

497 3652 548 3707 1.
589 3649 673 3707 Le
703 3650 770 3707 17
793 3649 924 3723 Juin
955 3650 1112 3719 1119,
1142 3665 1214 3705 au
1245 3648 1608 3723 temoignage
1636 3647 1708 3706 de
1737 3647 1982 3706 l'auteur
2008 3648 2441 3722 contemporain
2468 3648 2541 3707 (18

423 3740 482 3796 18
507 3737 619 3795 Vie
646 3738 719 3796 (18
747 3736 984 3795 01181188
1011 3738 1070 3794 18
1096 3736 1222 3795 Bon
1257 3738 1420 3811 (Mon.
1453 3740 1655 3805 Germ„
1689 3740 1787 3797 SS.
1810 3745 1851 3795 t.
1878 3736 2020 3809 XII,
2045 3756 2099 3811 p.
2124 3738 2265 3809 541).
2290 3737 2541 3795 L’annee

426 3828 566 3887 1119
594 3834 683 3885 881
709 3828 867 3885 aussi
895 3826 1167 3900 marquee
1193 3842 1416 3885 comme
1445 3826 1588 3886 celle
1613 3826 1683 3883 (18
1710 3825 1767 3884 18
1790 3834 1945 3885 mort
1970 3826 2041 3884 de
2064 3826 2369 3885 Bandouin
2397 3826 2543 3884 dans

423 3918 509 3976 les
528 3916 789 3974 Annales
809 3915 1100 3974 d'Anchin
1125 3916 1196 3990 (p.
1223 3916 1344 3987 504)
1368 3924 1425 3974 et
1442 3915 1584 3993 dans
1605 3916 1879 3973 Lambert
1896 3916 1969 3974 de
1982 3916 2278 3975 Watrelos
2302 3919 2374 3991 (p.
2394 3916 2537 3991 513).

425 4006 508 4063 La
537 4004 788 4063 Vei-sion
817 4003 1096 4075 francaise
1122 4004 1359 4079 indique
1386 4005 1422 4062 ὲ
1450 4012 1564 4063 tort
1591 4003 1816 4063 l'annco
1845 4004 1985 4062 1118
2015 4008 2094 4079 (p.
2126 4005 2255 4077 522,
2283 4018 2342 4061 n.
2376 4005 2484 4077 34).

495 4095 548 4151 2.
591 4096 796 4152 Gousin
830 4099 1104 4165 yormain.
1151 4096 1236 4153 La
1275 4094 1433 4151 mere
1474 4092 1545 4151 (18
1582 4092 1817 4151 Chai-les
1857 4093 1911 4151 le
1938 4094 2067 4151 Bon
2105 4094 2247 4152 61811
2284 4110 2439 4151 soeur
2470 4094 2542 4151 (18

425 4182 648 4241 Robert
675 4182 753 4253 H,
785 4184 918 4257 pere
948 4182 1020 4240 de
1057 4181 1364 4241 Bandouin
1393 4182 1510 4239 VII
1537 4183 1702 4253 (Mon.
1745 4184 1926 4241 Germ.
1965 4192 2105 4243 tom.
2148 4185 2270 4256 cit.,
2310 4200 2368 4257 p.
2414 4182 2537 4256 540,

427 4270 528 4328 lin.
561 4271 636 4345 2).
667 4302 739 4314 —
770 4272 970 4345 Comp.
1004 4270 1133 4344 plus
1162 4270 1261 4328 has
1293 4271 1348 4328 la
1375 4278 1510 4327 note
1538 4270 1572 4329 ὲ
1603 4270 1656 4329 18
1686 4278 1785 4329 str.
1818 4272 1923 4329 202
1954 4270 2051 4331 des
2081 4273 2217 4331 Gest.
2250 4272 2489 4329 Nicolai.
