3478 5438
894 840 1040 920 264

886 1307 1031 1386 265

883 1771 1027 1848 266

878 2232 1021 2308 267

874 2693 1020 2771 268

868 3156 1014 3233 269

865 3618 1010 3693 270

858 4078 988 4155 274

1853 475 2057 530 Gsssn

1332 608 1701 686 occasione
1736 610 1871 685 sub
1905 609 2022 684 illa

1330 723 1526 822 quod
1564 749 1729 801 eum
1765 722 2330 800 excommunicat

1430 848 1501 916 et
1539 841 1748 918 sedes
1782 839 2170 940 apostolica

1330 965 1403 1032 et
1437 956 1804 1033 Remensis
1839 956 2178 1034 aecclesia

1327 1084 1399 1148 et
1432 1073 1597 1148 inde
1634 1073 1897 1150 habent
1929 1075 2242 1150 maxima

1324 1189 1746 1265 clericorum
1779 1190 2064 1266 auxilia.

1424 1311 1603 1382 Nam
1636 1317 2020 1406 postquam
2053 1306 2284 1383 sciunt
2313 1303 2546 1382 clerici

1323 1421 1520 1521 quod
1554 1423 1838 1498 insimul
1867 1431 2040 1498 sunt
2071 1421 2324 1498 conexi

1321 1539 1756 1637 potentiores
1789 1538 1946 1613 laici

1319 1653 1411 1730 ad
1446 1653 1760 1730 dedecus
1791 1654 2136 1754 episcopi,

1419 1795 1669 1846 omnes
1702 1769 1853 1846 fere
1887 1795 2022 1869 per
2057 1769 2360 1844 similem

1321 1893 1838 1961 connectuntur
1869 1885 2258 1985 nequitiam

1320 2002 1411 2079 ad
1446 2002 1804 2102 pontificis
1837 2001 2158 2103 ejusdem

1318 2115 2020 2194 exhereditationem.

1413 2235 1589 2306 Nam
1624 2232 1742 2307 die
1775 2232 2088 2331 quadam
2122 2228 2378 2306 accidit

1314 2346 1511 2446 quod
1545 2347 1983 2445 archipresul
2017 2345 2388 2422 Remensis

1314 2461 1462 2536 suis
1496 2460 1861 2537 mandavit
1893 2461 2146 2536 litteris

1312 2585 1392 2653 ut
1426 2586 1786 2654 cessarem
1819 2603 1862 2652 a
1897 2577 2180 2667 divinis,

1410 2691 1545 2769 nisi
1578 2693 1983 2796 predictum
2015 2696 2406 2771 Manassem

1310 2810 1717 2908 reciperent·=
1751 2810 1826 2885 in
1863 2810 2222 2909 presulem

1308 2934 1383 3001 et
1418 2926 1555 3001 nisi
1590 2926 1848 3002 darent
1881 2924 2200 3002 debitam

1306 3041 1374 3116 ei
1408 3041 1908 3117 obedientiam.

1405 3161 1593 3247 Quas
1627 3166 2128 3255 presumentes
2162 3181 2445 3235 sumere

1305 3272 1455 3348 sine
1493 3272 1834 3349 Galchero
1870 3272 2182 3373 presule,

1306 3396 1898 3487 presumpserunt
1931 3396 2006 3464 et
2039 3389 2360 3488 linquere

1304 3504 1675 3579 servitium
1704 3504 2112 3580 aecclesiae.

1400 3622 1554 3709 Quo
1588 3619 1832 3695 audito
1867 3620 2245 3719 episcopus

1301 3732 1599 3809 miratur
1630 3734 1721 3809 de
1753 3734 1864 3809 his
1901 3735 2204 3823 actibus,

1164 3850 1172 3859 ‘
1300 3872 1379 3923 se
1412 3858 1654 3923 tamen
1689 3850 1902 3925 offert
1936 3851 2269 3928 omnibus

1296 3965 1697 4061 positurum
1732 3964 1826 4041 de
1860 3966 2122 4043 talibus

1394 4078 1467 4153 in
1502 4104 1754 4155 eorum
1791 4081 2100 4156 consiliis

1296 4193 1477 4269 sicut
1513 4195 1583 4268 in
1622 4195 1770 4271 suis
1807 4197 2077 4273 clericis
