3478 5438
975 424 1064 478 168
1926 417 2131 479 oms

1259 553 1394 628 ista
1429 577 1570 651 que
1603 549 1969 626 dicimtur¹
2010 549 2181 626 satis
2216 551 2649 628 sufficerent.

965 670 1110 748 245
1356 674 1548 744 Tunc
1581 665 2089 765 archipontifex
2126 667 2434 765 sumpsit
2466 669 2881 768 episcopum

1255 784 1392 860 sub
1427 783 1833 877 testimonio
1868 783 2181 882 quinque
2218 783 2665 881 pontificum,

1353 900 1596 975 dicens
1641 926 1658 972 ε
1709 899 1768 973 O
1804 901 1905 974 mi
1928 909 2161 997 pater,
2204 900 2467 974 audisti
2490 899 2769 1000 publico

1255 1027 1516 1116 quanta
1545 1015 1859 1090 malivoli
1892 1016 2131 1092 dicum
2166 1015 2533 1090 adversum
2566 1026 2661 1105 te,

1349 1141 1594 1228 tueque
1629 1131 1891 1205 audisti
1922 1133 2062 1206 vite
2098 1130 2583 1228 calumpniam,

958 1249 1101 1326 250
1249 1269 1514 1319 morum
1548 1245 1948 1341 infamiam„
1978 1245 2185 1320 luxu-5
2220 1245 2732 1343 blasphemiam.

1358 1360 1654 1434 Oramus
1689 1385 1852 1458 erqo
1888 1370 1955 1436 te
1990 1359 2115 1436 hoc
2152 1383 2627 1459 recognoscere

1251 1479 1572 1575 quoniam
1607 1479 1885 1552 minime
1912 1486 2109 1575 potes
2138 1478 2473 1575 proficere

1347 1593 1532 1666 inter
1563 1595 1921 1666 universos
1956 1593 2078 1690 qui
2112 1602 2179 1666 te
2214 1595 2317 1666 sic
2352 1593 2589 1666 odiunt

1251 1717 1319 1783 et
1353 1707 1798 1806 quodcunque
1832 1709 2051 1804 faoi-3²
2087 1733 2231 1782 una
2264 1708 2673 1805 despiciunt.
2808 1698 2817 1706 ’

956 1827 1102 1902 255
1347 1824 1726 1900 Precamur
1762 1834 1829 1900 te
1866 1835 2055 1898 tuam
2086 1849 2369 1900 servare
2402 1827 2705 1898 aninam

1249 1950 1317 2014 et
1343 1939 1612 2038 plebem
1646 1941 1887 2038 fuqere
1922 1943 2025 2015 sic
2054 1941 2561 2015 indomabilem.

1271 2091 1280 2100 ·
1346 2058 1613 2128 Eorum
1646 2053 1983 2151 precibus
2018 2054 2309 2130 allectus
2344 2053 2667 2154 pontifex

1249 2176 1619 2268 peccatum
1655 2169 1925 2244 heresis
1962 2169 2095 2245 sibi
2132 2169 2501 2246 confessus
2532 2181 2667 2260 est,

1343 2284 1625 2383 fideque
1660 2285 1993 2385 promisit
2028 2311 2269 2360 coram
2306 2287 2709 2385 presulibus

953 2404 1100 2478 260
1247 2400 1442 2498 quod
1479 2425 1621 2475 non
1659 2401 2022 2499 presulare
2059 2401 2335 2476 curabit
2370 2402 2671 2502 amplius
2708 2431 2725 2476 ε

1342 2516 1478 2590 hoc
1513 2523 1791 2590 tantum
1826 2517 2177 2616 supplicat
2214 2518 2745 2618 archiepiscopo

1151 2657 1160 2664 ·
1247 2640 1326 2706 ut
1358 2631 1729 2732 permittat
1766 2657 1929 2706 eum
1965 2633 2039 2706 in
2077 2633 2440 2733 episcopio

1338 2772 1594 2847 capere
1630 2740 1969 2847 quantam
2005 2759 2251 2848 posset
2285 2751 2657 2850 pecuniam

1243 2888 1468 2961 usque
1503 2862 1594 2938 ad
1630 2864 1943 2939 futuram
1979 2874 2147 2941 tunc
2181 2865 2675 2965 Epiphaniam.

948 2982 1094 3058 265
1339 2980 1526 3055 Infra
1561 3006 1778 3079 quam
1812 2982 2136 3057 concedit
2167 2980 2739 3083 archiepiscopus

1241 3104 1322 3172 ut
1356 3120 1434 3171 se
1470 3096 1893 3171 intromittat
1928 3097 2019 3173 de
2055 3098 2261 3173 bonis
2297 3098 2651 3187 omnibus,

1341 3209 1466 3285 sed
1503 3234 1646 3285 non
1679 3220 2043 3287 remaneat
2080 3212 2153 3286 in
2190 3212 2555 3312 episcopio

1242 3325 1446 3401 istius
1479 3325 1811 3424 permissi
1848 3326 1964 3401 die
2002 3328 2373 3427 preterito.

1338 3446 1486 3517 Hoc
1521 3442 1853 3543 ignorant
1888 3468 2028 3517 non
2066 3444 2271 3518 nulli³
2311 3443 2630 3519 homines

947 3558 1092 3635 270
1241 3556 1373 3632 nisi
1410 3558 1532 3656 qui
1571 3557 1857 3633 fuerunt
1892 3558 2207 3658 quinque
2242 3560 2636 3659 pontifices.

1337 3676 1666 3750 Statuunt
1699 3673 1917 3773 igitur
1952 3684 2033 3749 ut
2065 3676 2202 3749 hoc
2238 3676 2593 3773 sepultum
2624 3674 2721 3751 sit

1241 3787 1469 3865 donec
1505 3790 1883 3890 impositus
1919 3791 2074 3867 dies
2111 3791 2505 3887 advenerit.

1020 3986 1072 4041 1.
1109 4000 1213 4055 que
1237 3986 1526 4043 dicuntur.
1559 3984 1610 4041 11
1641 4004 1676 4059 y
1703 3986 1859 4043 avait
1885 3985 2115 4045 d'abord
2148 3986 2292 4045 dans
2322 3987 2375 4045 le
2404 4005 2516 4046 ms.
2546 4004 2660 4060 qua
2684 3990 2963 4047 dicontur.

1018 4072 1072 4130 2.
1112 4076 1270 4143 facis.
1303 4073 1465 4131 Dans
1491 4074 1547 4132 le
1575 4092 1686 4133 ms.
1717 4075 2030 4135 au-dessus
2058 4076 2131 4135 do
2158 4076 2218 4135 la
2244 4076 2419 4151 ligne.

1019 4160 1073 4219 3.
1114 4178 1228 4219 non
1257 4166 1426 4231 nulli,
1460 4162 1817 4221 c’est—a-dire
1847 4172 1980 4222 tous.
