3478 5438
454 811 597 884 450

457 1271 588 1345 451

463 1733 606 1812 452

467 2195 611 2268 453

473 2653 618 2729 454

473 3118 619 3191 455

481 3579 622 3653 456

478 3921 622 3997 457

1368 442 1647 496 mooun.

890 577 1101 677 legati
1138 585 1374 651 tamen
1410 573 1681 676 regiam

890 693 1351 792 pertimentes
1385 689 1803 789 potentiam,

990 807 1184 906 quod
1221 806 1533 882 fecerant
1566 804 1640 879 id
1677 805 1910 881 facere

892 923 1088 1024 quod
1113 923 1437 1024 jurarant
1474 921 1549 997 id
1576 921 1820 1020 jurare

893 1039 1151 1113 vellent
1185 1037 1452 1113 nollent
1484 1059 1786 1136 coegere

896 1152 1305 1253 superbiam
1338 1152 1807 1228 communiae.

992 1271 1513 1369 Cognoscentes
1550 1267 1639 1342 ad
1674 1267 2001 1344 ultimum

896 1411 974 1460 se
1008 1411 1143 1484 per
1178 1385 1443 1459 malum
1479 1383 1850 1458 consilium

894 1500 1275 1576 offendisse
1310 1499 1729 1599 episcopum

896 1624 1109 1714 atque
1146 1638 1357 1690 suum
1387 1613 1870 1702 castellanum,

996 1741 1263 1806 terram
1299 1755 1475 1804 vero
1510 1729 1982 1804 commovisse

899 1849 1119 1921 immo
1148 1855 1377 1922 totam
1413 1845 1899 1944 perturbasse,

901 1961 1294 2036 incendisse
1329 1969 1399 2036 et
1436 1959 1779 2058 predasse

903 2077 1143 2176 nilque
1181 2075 1316 2152 sibi
1352 2075 1766 2173 profecisse,

1002 2192 1175 2268 dicit
1210 2192 1389 2266 alter
1424 2191 1514 2266 ad
1550 2191 1854 2265 alterum
1889 2216 1906 2262 ε

902 2307 1345 2383 Peccavimus
1382 2317 1623 2382 contra
1656 2305 1874 2380 Deum

906 2422 1147 2496 contra
1176 2431 1485 2495 nostrum
1519 2420 1892 2495 dominium
1943 2511 1952 2528 ἱ

906 2540 1337 2613 incurrentes
1364 2538 1784 2634 perjurium.

1005 2658 1618 2753 Recognoscentcs
1651 2652 1866 2726 etiam

907 2794 1040 2867 per
1075 2768 1427 2869 majorum
1458 2768 1867 2867 superbiam

912 2910 989 2960 se
1023 2884 1273 2961 fecisse
1310 2884 1677 2961 stultitiam

909 3008 1158 3075 contra
1192 3005 1417 3076 Deum
1451 3008 1525 3075 et
1557 2999 1922 3099 presulem

1010 3122 1083 3190 et
1117 3115 1191 3189 in
1227 3136 1479 3191 eorum
1512 3116 1745 3213 capita

910 3230 1347 3333 redundasse
1381 3231 1715 3305 universa

913 3347 1443 3436 malefactorum
1479 3370 1702 3445 opera

916 3471 989 3536 et
1023 3461 1333 3537 crevisse
1369 3460 1819 3549 detrimenta,

1014 3576 1215 3675 quasi
1249 3575 1416 3650 victi
1452 3584 1526 3650 et
1560 3562 1858 3661 confusi,

915 3692 1309 3790 penitentes
1345 3699 1421 3767 et
1452 3690 1744 3791 trepidi,

914 3816 1198 3882 ostensa
1232 3806 1464 3881 fronte
1493 3805 1770 3895 humili,

1012 3921 1412 3998 dilexerunt
1447 3920 1856 4018 pontificem

920 4045 994 4113 et
1027 4038 1477 4113 castellanum
1515 4039 1900 4135 Symonem

922 4153 1377 4227 sacramentis
1414 4150 1864 4227 concordiam

2471 441 2564 496 2³9
