<?xml version="1.0" encoding="UTF-8"?>
<!DOCTYPE html PUBLIC "-//W3C//DTD XHTML 1.0 Transitional//EN"
    "http://www.w3.org/TR/xhtml1/DTD/xhtml1-transitional.dtd">
<html xmlns="http://www.w3.org/1999/xhtml" xml:lang="en" lang="en">
 <head>
  <title>
</title>
<meta http-equiv="Content-Type" content="text/html;charset=utf-8" />
  <meta name='ocr-system' content='tesseract 3.04.00' />
  <meta name='ocr-capabilities' content='ocr_page ocr_carea ocr_par ocr_line ocrx_word'/>
</head>
<body>
  <div class='ocr_page' id='page_1' title='image "./gestesdesvquesd01unkngoog_0272.png"; bbox 0 0 3478 5438; ppageno 0'>
   <div class='ocr_carea' id='block_1_1' title="bbox 967 438 2126 493">
    <p class='ocr_par' dir='ltr' id='par_1_1' title="bbox 967 438 2126 493">
     <span class='ocr_line' id='line_1_1' title="bbox 967 438 2126 493; baseline -0.002 0"><span class='ocrx_word' id='word_1_1' title='bbox 967 438 1063 493; x_wconf 73' lang='lat'><strong>220</strong></span> <span class='ocrx_word' id='word_1_2' title='bbox 1917 440 2126 493; x_wconf 70' lang='lat' dir='ltr'>GESTA</span> 
     </span>
    </p>
   </div>
   <div class='ocr_carea' id='block_1_2' title="bbox 974 571 2476 3094">
    <p class='ocr_par' dir='ltr' id='par_1_2' title="bbox 974 571 2476 3094">
     <span class='ocr_line' id='line_1_2' title="bbox 1405 571 2205 663; baseline 0.001 -16"><span class='ocrx_word' id='word_1_3' title='bbox 1405 572 1596 647; x_wconf 87' lang='lat' dir='ltr'><strong>unde</strong></span> <span class='ocrx_word' id='word_1_4' title='bbox 1630 572 1868 649; x_wconf 87' lang='lat' dir='ltr'><strong>redire</strong></span> <span class='ocrx_word' id='word_1_5' title='bbox 1904 571 2205 663; x_wconf 80' lang='lat' dir='ltr'><strong>dubitat,</strong></span> 
     </span>
     <span class='ocr_line' id='line_1_3' title="bbox 974 687 2476 787; baseline 0.003 -25"><span class='ocrx_word' id='word_1_6' title='bbox 974 687 1116 762; x_wconf 75' lang='lat'><strong>326</strong></span> <span class='ocrx_word' id='word_1_7' title='bbox 1506 714 1593 763; x_wconf 92' lang='lat' dir='ltr'><strong>eo</strong></span> <span class='ocrx_word' id='word_1_8' title='bbox 1630 688 1826 786; x_wconf 90' lang='lat' dir='ltr'><strong>quod</strong></span> <span class='ocrx_word' id='word_1_9' title='bbox 1861 690 2187 787; x_wconf 87' lang='lat' dir='ltr'><strong>Symonis</strong></span> <span class='ocrx_word' id='word_1_10' title='bbox 2217 690 2476 767; x_wconf 91' lang='lat' dir='ltr'><strong>domus</strong></span> 
     </span>
     <span class='ocr_line' id='line_1_4' title="bbox 1405 802 2287 882; baseline 0.006 -5"><span class='ocrx_word' id='word_1_11' title='bbox 1405 802 1758 877; x_wconf 77' lang='lat' dir='ltr'><strong>confracta</strong></span> <span class='ocrx_word' id='word_1_12' title='bbox 1793 813 1903 879; x_wconf 77' lang='lat' dir='ltr'><strong>est</strong></span> <span class='ocrx_word' id='word_1_13' title='bbox 1936 830 1976 878; x_wconf 78' lang='lat' dir='ltr'><strong>a</strong></span> <span class='ocrx_word' id='word_1_14' title='bbox 2011 804 2287 882; x_wconf 76' lang='lat' dir='ltr'><strong>civibus</strong></span> 
     </span>
     <span class='ocr_line' id='line_1_5' title="bbox 1406 916 2333 1016; baseline 0.005 -25"><span class='ocrx_word' id='word_1_15' title='bbox 1406 916 1499 993; x_wconf 92' lang='lat' dir='ltr'><strong>de</strong></span> <span class='ocrx_word' id='word_1_16' title='bbox 1532 942 1708 1016; x_wconf 80' lang='lat' dir='ltr'><strong>paee</strong></span> <span class='ocrx_word' id='word_1_17' title='bbox 1746 942 1886 992; x_wconf 93' lang='lat' dir='ltr'><strong>non</strong></span> <span class='ocrx_word' id='word_1_18' title='bbox 1924 918 2333 996; x_wconf 79' lang='lat' dir='ltr'><strong>cur-antibus</strong></span> 
     </span>
     <span class='ocr_line' id='line_1_6' title="bbox 1406 1032 2436 1135; baseline 0.007 -29"><span class='ocrx_word' id='word_1_19' title='bbox 1406 1057 1623 1131; x_wconf 80' lang='lat' dir='ltr'><strong>quam</strong></span> <span class='ocrx_word' id='word_1_20' title='bbox 1660 1032 2004 1133; x_wconf 79' lang='lat' dir='ltr'><strong>querebat</strong></span> <span class='ocrx_word' id='word_1_21' title='bbox 2033 1034 2436 1135; x_wconf 79' lang='lat' dir='ltr'><strong>episeopus.</strong></span> 
     </span>
     <span class='ocr_line' id='line_1_7' title="bbox 976 1147 2350 1248; baseline 0.003 -26"><span class='ocrx_word' id='word_1_22' title='bbox 976 1147 1121 1223; x_wconf 75' lang='lat'><strong>327</strong></span> <span class='ocrx_word' id='word_1_23' title='bbox 1504 1150 1595 1223; x_wconf 81' lang='lat' dir='ltr'><strong>Et</strong></span> <span class='ocrx_word' id='word_1_24' title='bbox 1629 1148 1796 1247; x_wconf 84' lang='lat' dir='ltr'><strong>quia</strong></span> <span class='ocrx_word' id='word_1_25' title='bbox 1828 1174 1972 1248; x_wconf 77' lang='lat' dir='ltr'><strong>pax</strong></span> <span class='ocrx_word' id='word_1_26' title='bbox 2007 1150 2350 1226; x_wconf 80' lang='lat' dir='ltr'><strong>refutatur</strong></span> 
     </span>
     <span class='ocr_line' id='line_1_8' title="bbox 1409 1264 2347 1364; baseline 0.003 -27"><span class='ocrx_word' id='word_1_27' title='bbox 1409 1272 1623 1361; x_wconf 80' lang='lat' dir='ltr'><strong>atque</strong></span> <span class='ocrx_word' id='word_1_28' title='bbox 1656 1264 1899 1364; x_wconf 79' lang='lat' dir='ltr'><strong>presul</strong></span> <span class='ocrx_word' id='word_1_29' title='bbox 1935 1264 2347 1363; x_wconf 84' lang='lat' dir='ltr'>despicitur,</span> 
     </span>
     <span class='ocr_line' id='line_1_9' title="bbox 1409 1377 2171 1454; baseline 0.001 -1"><span class='ocrx_word' id='word_1_30' title='bbox 1409 1377 1593 1454; x_wconf 88' lang='lat' dir='ltr'><strong>bene</strong></span> <span class='ocrx_word' id='word_1_31' title='bbox 1627 1379 1876 1453; x_wconf 86' lang='lat' dir='ltr'><strong>fecisse</strong></span> <span class='ocrx_word' id='word_1_32' title='bbox 1913 1378 2171 1454; x_wconf 85' lang='lat' dir='ltr'><strong>dieitur</strong></span> 
     </span>
     <span class='ocr_line' id='line_1_10' title="bbox 1411 1493 2445 1595; baseline 0.004 -28"><span class='ocrx_word' id='word_1_33' title='bbox 1411 1493 1605 1593; x_wconf 92' lang='lat' dir='ltr'><strong>quod</strong></span> <span class='ocrx_word' id='word_1_34' title='bbox 1640 1493 1801 1568; x_wconf 87' lang='lat' dir='ltr'><strong>urbi</strong></span> <span class='ocrx_word' id='word_1_35' title='bbox 1838 1519 1980 1568; x_wconf 89' lang='lat' dir='ltr'><strong>non</strong></span> <span class='ocrx_word' id='word_1_36' title='bbox 2018 1494 2445 1595; x_wconf 79' lang='lat' dir='ltr'><strong>regreditur.</strong></span> 
     </span>
     <span class='ocr_line' id='line_1_11' title="bbox 976 1607 2473 1708; baseline 0.001 -25"><span class='ocrx_word' id='word_1_37' title='bbox 976 1611 1115 1687; x_wconf 74' lang='lat'><strong>328</strong></span> <span class='ocrx_word' id='word_1_38' title='bbox 1505 1615 1681 1684; x_wconf 80' lang='lat' dir='ltr'><strong>Nam</strong></span> <span class='ocrx_word' id='word_1_39' title='bbox 1718 1607 2037 1698; x_wconf 62' lang='lat' dir='ltr'><strong>abbate-⁶3,</strong></span> <span class='ocrx_word' id='word_1_40' title='bbox 2080 1610 2276 1708; x_wconf 83' lang='lat' dir='ltr'><strong>pacis</strong></span> <span class='ocrx_word' id='word_1_41' title='bbox 2310 1610 2473 1701; x_wconf 85' lang='lat' dir='ltr'><strong>viri,</strong></span> 
     </span>
     <span class='ocr_line' id='line_1_12' title="bbox 1304 1723 2300 1824; baseline 0.003 -26"><span class='ocrx_word' id='word_1_42' title='bbox 1304 1736 1327 1753; x_wconf 81' lang='grc'><em>·</em></span> <span class='ocrx_word' id='word_1_43' title='bbox 1408 1732 1483 1799; x_wconf 86' lang='lat' dir='ltr'><strong>et</strong></span> <span class='ocrx_word' id='word_1_44' title='bbox 1518 1723 1812 1824; x_wconf 80' lang='lat' dir='ltr'><strong>quidam</strong></span> <span class='ocrx_word' id='word_1_45' title='bbox 1846 1726 2039 1799; x_wconf 84' lang='lat' dir='ltr'><strong>cives</strong></span> <span class='ocrx_word' id='word_1_46' title='bbox 2075 1726 2300 1801; x_wconf 82' lang='lat' dir='ltr'><strong>intimi</strong></span> 
     </span>
     <span class='ocr_line' id='line_1_13' title="bbox 1407 1839 2100 1915; baseline 0.001 -2"><span class='ocrx_word' id='word_1_47' title='bbox 1407 1839 1655 1915; x_wconf 85' lang='lat' dir='ltr'><strong>fideles</strong></span> <span class='ocrx_word' id='word_1_48' title='bbox 1684 1849 1759 1913; x_wconf 78' lang='lat' dir='ltr'><strong>et</strong></span> <span class='ocrx_word' id='word_1_49' title='bbox 1792 1839 2100 1915; x_wconf 85' lang='lat' dir='ltr'><strong>benivoli</strong></span> 
     </span>
     <span class='ocr_line' id='line_1_14' title="bbox 1284 1955 2187 2056; baseline 0.001 -28"><span class='ocrx_word' id='word_1_50' title='bbox 1284 1990 1288 1995; x_wconf 56' lang='grc'>’</span> <span class='ocrx_word' id='word_1_51' title='bbox 1402 1955 1553 2056; x_wconf 81' lang='lat' dir='ltr'><strong>jam</strong></span> <span class='ocrx_word' id='word_1_52' title='bbox 1586 1956 2090 2030; x_wconf 72' lang='lat' dir='ltr'><strong>consuluerant</strong></span> <span class='ocrx_word' id='word_1_53' title='bbox 2122 1958 2187 2030; x_wconf 92' lang='lat' dir='ltr'><strong>ei</strong></span> 
     </span>
     <span class='ocr_line' id='line_1_15' title="bbox 1412 2070 2266 2161; baseline 0.004 -18"><span class='ocrx_word' id='word_1_54' title='bbox 1412 2070 1598 2146; x_wconf 87' lang='lat' dir='ltr'><strong>inter</strong></span> <span class='ocrx_word' id='word_1_55' title='bbox 1633 2095 1757 2145; x_wconf 90' lang='lat' dir='ltr'><strong>eos</strong></span> <span class='ocrx_word' id='word_1_56' title='bbox 1793 2097 1938 2145; x_wconf 88' lang='lat' dir='ltr'><strong>non</strong></span> <span class='ocrx_word' id='word_1_57' title='bbox 1973 2074 2266 2161; x_wconf 82' lang='lat' dir='ltr'><strong>morari,</strong></span> 
     </span>
     <span class='ocr_line' id='line_1_16' title="bbox 978 2184 2280 2265; baseline 0.002 -7"><span class='ocrx_word' id='word_1_58' title='bbox 978 2188 1121 2265; x_wconf 75' lang='lat'><strong>329</strong></span> <span class='ocrx_word' id='word_1_59' title='bbox 1512 2185 1639 2261; x_wconf 91' lang='lat' dir='ltr'><strong>sed</strong></span> <span class='ocrx_word' id='word_1_60' title='bbox 1677 2184 1769 2259; x_wconf 81' lang='lat' dir='ltr'><strong>ab</strong></span> <span class='ocrx_word' id='word_1_61' title='bbox 1804 2186 1908 2259; x_wconf 87' lang='lat' dir='ltr'><strong>eis</strong></span> <span class='ocrx_word' id='word_1_62' title='bbox 1945 2211 2022 2261; x_wconf 89' lang='lat' dir='ltr'><strong>se</strong></span> <span class='ocrx_word' id='word_1_63' title='bbox 2056 2188 2280 2261; x_wconf 73' lang='lat' dir='ltr'><strong>vitare</strong></span> 
     </span>
     <span class='ocr_line' id='line_1_17' title="bbox 1410 2302 2358 2400; baseline 0.003 -24"><span class='ocrx_word' id='word_1_64' title='bbox 1410 2312 1485 2377; x_wconf 81' lang='lat' dir='ltr'><strong>et</strong></span> <span class='ocrx_word' id='word_1_65' title='bbox 1521 2302 1613 2377; x_wconf 82' lang='lat' dir='ltr'><strong>sd</strong></span> <span class='ocrx_word' id='word_1_66' title='bbox 1646 2309 1932 2400; x_wconf 84' lang='lat' dir='ltr'><strong>tempus</strong></span> <span class='ocrx_word' id='word_1_67' title='bbox 1966 2302 2358 2393; x_wconf 78' lang='lat' dir='ltr'><strong>discedere,</strong></span> 
     </span>
     <span class='ocr_line' id='line_1_18' title="bbox 1412 2416 2072 2493; baseline -0.002 -1"><span class='ocrx_word' id='word_1_68' title='bbox 1412 2418 1511 2492; x_wconf 85' lang='lat' dir='ltr'><strong>ibi</strong></span> <span class='ocrx_word' id='word_1_69' title='bbox 1546 2442 1721 2493; x_wconf 86' lang='lat' dir='ltr'><strong>vero</strong></span> <span class='ocrx_word' id='word_1_70' title='bbox 1755 2416 2072 2492; x_wconf 77' lang='lat' dir='ltr'><strong>habitare</strong></span> 
     </span>
     <span class='ocr_line' id='line_1_19' title="bbox 1408 2530 2324 2632; baseline -0.004 -23"><span class='ocrx_word' id='word_1_71' title='bbox 1408 2530 1532 2609; x_wconf 88' lang='lat' dir='ltr'><strong>ubi</strong></span> <span class='ocrx_word' id='word_1_72' title='bbox 1564 2540 1720 2606; x_wconf 84' lang='lat' dir='ltr'><strong>tuto</strong></span> <span class='ocrx_word' id='word_1_73' title='bbox 1757 2532 1850 2606; x_wconf 84' lang='lat' dir='ltr'><strong>sit</strong></span> <span class='ocrx_word' id='word_1_74' title='bbox 1883 2548 2214 2632; x_wconf 78' lang='lat' dir='ltr'><strong>corpore.</strong></span> <span class='ocrx_word' id='word_1_75' title='bbox 2315 2564 2324 2573; x_wconf 94' lang='lat'><strong>·</strong></span> 
     </span>
     <span class='ocr_line' id='line_1_20' title="bbox 978 2646 2447 2749; baseline 0.002 -28"><span class='ocrx_word' id='word_1_76' title='bbox 978 2651 1119 2723; x_wconf 86' lang='lat'><strong>330</strong></span> <span class='ocrx_word' id='word_1_77' title='bbox 1508 2646 1691 2723; x_wconf 84' lang='lat' dir='ltr'><strong>Talis</strong></span> <span class='ocrx_word' id='word_1_78' title='bbox 1725 2649 1918 2722; x_wconf 90' lang='lat' dir='ltr'><strong>enim</strong></span> <span class='ocrx_word' id='word_1_79' title='bbox 1952 2656 2198 2749; x_wconf 85' lang='lat' dir='ltr'><strong>posset</strong></span> <span class='ocrx_word' id='word_1_80' title='bbox 2232 2648 2447 2725; x_wconf 91' lang='lat' dir='ltr'><strong>homo</strong></span> 
     </span>
     <span class='ocr_line' id='line_1_21' title="bbox 1410 2764 2113 2839; baseline 0 -1"><span class='ocrx_word' id='word_1_81' title='bbox 1410 2765 1709 2838; x_wconf 79' lang='lat' dir='ltr'><strong>interfici</strong></span> <span class='ocrx_word' id='word_1_82' title='bbox 1745 2764 2054 2839; x_wconf 82' lang='lat' dir='ltr'><strong>fortunio</strong></span> <span class='ocrx_word' id='word_1_83' title='bbox 2097 2793 2113 2838; x_wconf 72' lang='grc' dir='ltr'>ε</span> 
     </span>
     <span class='ocr_line' id='line_1_22' title="bbox 1411 2878 2251 2977; baseline 0 -23"><span class='ocrx_word' id='word_1_84' title='bbox 1411 2878 1602 2954; x_wconf 90' lang='lat' dir='ltr'><strong>unde</strong></span> <span class='ocrx_word' id='word_1_85' title='bbox 1636 2879 1792 2977; x_wconf 86' lang='lat' dir='ltr'><strong>ipse</strong></span> <span class='ocrx_word' id='word_1_86' title='bbox 1829 2879 1900 2953; x_wconf 90' lang='lat' dir='ltr'><strong>in</strong></span> <span class='ocrx_word' id='word_1_87' title='bbox 1936 2881 2251 2954; x_wconf 80' lang='lat' dir='ltr'><strong>maximo</strong></span> 
     </span>
     <span class='ocr_line' id='line_1_23' title="bbox 1412 2995 2186 3094; baseline 0.001 -25"><span class='ocrx_word' id='word_1_88' title='bbox 1412 3004 1811 3070; x_wconf 78' lang='lat' dir='ltr'><strong>remaneret</strong></span> <span class='ocrx_word' id='word_1_89' title='bbox 1845 2995 2186 3094; x_wconf 84' lang='lat' dir='ltr'><strong>periculo.</strong></span> 
     </span>
    </p>
   </div>
   <div class='ocr_carea' id='block_1_3' title="bbox 1192 3231 2865 3316">
    <p class='ocr_par' dir='ltr' id='par_1_3' title="bbox 1192 3231 2865 3316">
     <span class='ocr_line' id='line_1_24' title="bbox 1192 3231 2865 3316; baseline 0 -18"><span class='ocrx_word' id='word_1_90' title='bbox 1192 3231 1421 3314; x_wconf 79' lang='lat' dir='ltr'><strong>Quod</strong></span> <span class='ocrx_word' id='word_1_91' title='bbox 1454 3233 1736 3315; x_wconf 81' lang='lat' dir='ltr'><strong>presul</strong></span> <span class='ocrx_word' id='word_1_92' title='bbox 1775 3232 1883 3298; x_wconf 75' lang='lat' dir='ltr'><strong>ad</strong></span> <span class='ocrx_word' id='word_1_93' title='bbox 1921 3231 2348 3300; x_wconf 72' lang='lat' dir='ltr'><strong>Thumium</strong></span> <span class='ocrx_word' id='word_1_94' title='bbox 2387 3231 2865 3316; x_wconf 67' lang='lat' dir='ltr'><strong>contugerit.</strong></span> 
     </span>
    </p>
   </div>
   <div class='ocr_carea' id='block_1_4' title="bbox 981 3450 2608 3896">
    <p class='ocr_par' dir='ltr' id='par_1_4' title="bbox 981 3450 2608 3896">
     <span class='ocr_line' id='line_1_25' title="bbox 981 3450 2608 3550; baseline 0.001 -26"><span class='ocrx_word' id='word_1_95' title='bbox 981 3453 1108 3525; x_wconf 74' lang='lat'><strong>33⁴</strong></span> <span class='ocrx_word' id='word_1_96' title='bbox 1514 3450 1942 3549; x_wconf 86' lang='lat' dir='ltr'><strong>Relinquens</strong></span> <span class='ocrx_word' id='word_1_97' title='bbox 1979 3475 2150 3550; x_wconf 85' lang='lat' dir='ltr'><strong>ergo</strong></span> <span class='ocrx_word' id='word_1_98' title='bbox 2185 3451 2560 3549; x_wconf 84' lang='lat' dir='ltr'><strong>proprium</strong></span> <span class='ocrx_word' id='word_1_99' title='bbox 2603 3513 2608 3518; x_wconf 94' lang='lat'>.</span> 
     </span>
     <span class='ocr_line' id='line_1_26' title="bbox 1413 3565 2268 3665; baseline -0.001 -25"><span class='ocrx_word' id='word_1_100' title='bbox 1413 3565 1621 3665; x_wconf 84' lang='lat' dir='ltr'><strong>hujus</strong></span> <span class='ocrx_word' id='word_1_101' title='bbox 1657 3565 1848 3640; x_wconf 88' lang='lat' dir='ltr'><strong>sedis</strong></span> <span class='ocrx_word' id='word_1_102' title='bbox 1883 3565 2268 3664; x_wconf 86' lang='lat' dir='ltr'>hospitium</span> 
     </span>
     <span class='ocr_line' id='line_1_27' title="bbox 1412 3682 2354 3781; baseline -0.001 -24"><span class='ocrx_word' id='word_1_103' title='bbox 1412 3707 1547 3781; x_wconf 92' lang='lat' dir='ltr'><strong>per</strong></span> <span class='ocrx_word' id='word_1_104' title='bbox 1582 3691 1950 3781; x_wconf 73' lang='lat' dir='ltr'><strong>acceptum</strong></span> <span class='ocrx_word' id='word_1_105' title='bbox 1985 3682 2354 3756; x_wconf 82' lang='lat' dir='ltr'><strong>eonsilium</strong></span> 
     </span>
     <span class='ocr_line' id='line_1_28' title="bbox 1413 3797 2449 3896; baseline -0.001 -25"><span class='ocrx_word' id='word_1_106' title='bbox 1413 3797 1812 3896; x_wconf 76' lang='lat' dir='ltr'><strong>hospitatur</strong></span> <span class='ocrx_word' id='word_1_107' title='bbox 1848 3798 1939 3873; x_wconf 83' lang='lat' dir='ltr'><strong>ad</strong></span> <span class='ocrx_word' id='word_1_108' title='bbox 1975 3798 2384 3873; x_wconf 81' lang='lat' dir='ltr'><strong>Thumium¹</strong></span> <span class='ocrx_word' id='word_1_109' title='bbox 2433 3826 2449 3870; x_wconf 90' lang='lat'>:</span> 
     </span>
    </p>
   </div>
   <div class='ocr_carea' id='block_1_5' title="bbox 980 4009 3077 4262">
    <p class='ocr_par' dir='ltr' id='par_1_5' title="bbox 980 4009 3077 4262">
     <span class='ocr_line' id='line_1_29' title="bbox 1051 4009 3076 4086; baseline 0 -18"><span class='ocrx_word' id='word_1_110' title='bbox 1051 4010 1102 4068; x_wconf 84' lang='lat'><strong>1.</strong></span> <span class='ocrx_word' id='word_1_111' title='bbox 1145 4009 1415 4068; x_wconf 78' lang='lat' dir='ltr'><strong>Lambert</strong></span> <span class='ocrx_word' id='word_1_112' title='bbox 1432 4010 1503 4068; x_wconf 86' lang='lat' dir='ltr'><strong>de</strong></span> <span class='ocrx_word' id='word_1_113' title='bbox 1520 4009 1818 4068; x_wconf 78' lang='lat' dir='ltr'><strong>Watrelos</strong></span> <span class='ocrx_word' id='word_1_114' title='bbox 1848 4010 1934 4069; x_wconf 84' lang='lat' dir='ltr'><strong>dit</strong></span> <span class='ocrx_word' id='word_1_115' title='bbox 1961 4027 2073 4086; x_wconf 82' lang='lat' dir='ltr'><strong>que</strong></span> <span class='ocrx_word' id='word_1_116' title='bbox 2099 4011 2355 4086; x_wconf 69' lang='lat' dir='ltr'><strong>l&#39;eveque</strong></span> <span class='ocrx_word' id='word_1_117' title='bbox 2383 4029 2447 4069; x_wconf 83' lang='lat' dir='ltr'><strong>se</strong></span> <span class='ocrx_word' id='word_1_118' title='bbox 2473 4011 2650 4070; x_wconf 75' lang='lat' dir='ltr'><strong>retii-s</strong></span> <span class='ocrx_word' id='word_1_119' title='bbox 2669 4010 2705 4067; x_wconf 71' lang='grc' dir='ltr'><strong>ὲ</strong></span> <span class='ocrx_word' id='word_1_120' title='bbox 2723 4009 2867 4085; x_wconf 86' lang='lat' dir='ltr'><strong>Oisy</strong></span> <span class='ocrx_word' id='word_1_121' title='bbox 2887 4015 2962 4086; x_wconf 88' lang='lat' dir='ltr'><strong>(p.</strong></span> <span class='ocrx_word' id='word_1_122' title='bbox 2985 4012 3076 4068; x_wconf 82' lang='lat'><strong>514</strong></span> 
     </span>
     <span class='ocr_line' id='line_1_30' title="bbox 982 4097 3074 4174; baseline -0.001 -18"><span class='ocrx_word' id='word_1_123' title='bbox 982 4099 1179 4171; x_wconf 79' lang='lat' dir='ltr'><strong>extr.);</strong></span> <span class='ocrx_word' id='word_1_124' title='bbox 1211 4115 1277 4155; x_wconf 87' lang='lat' dir='ltr'><strong>ee</strong></span> <span class='ocrx_word' id='word_1_125' title='bbox 1304 4098 1403 4172; x_wconf 87' lang='lat' dir='ltr'><strong>qui</strong></span> <span class='ocrx_word' id='word_1_126' title='bbox 1432 4106 1519 4156; x_wconf 84' lang='lat' dir='ltr'><strong>est.</strong></span> <span class='ocrx_word' id='word_1_127' title='bbox 1546 4115 1655 4172; x_wconf 86' lang='lat' dir='ltr'><strong>peu</strong></span> <span class='ocrx_word' id='word_1_128' title='bbox 1684 4099 1975 4172; x_wconf 73' lang='lat' dir='ltr'><strong>probahle,</strong></span> <span class='ocrx_word' id='word_1_129' title='bbox 2006 4099 2252 4174; x_wconf 84' lang='lat' dir='ltr'><strong>puisque</strong></span> <span class='ocrx_word' id='word_1_130' title='bbox 2271 4099 2416 4174; x_wconf 85' lang='lat' dir='ltr'><strong>Oisy</strong></span> <span class='ocrx_word' id='word_1_131' title='bbox 2433 4099 2846 4173; x_wconf 61' lang='lat' dir='ltr'><strong>appsroenaits</strong></span> <span class='ocrx_word' id='word_1_132' title='bbox 2864 4097 3074 4170; x_wconf 82' lang='lat' dir='ltr'><strong>Simon,</strong></span> 
     </span>
     <span class='ocr_line' id='line_1_31' title="bbox 980 4176 3077 4262; baseline -0.001 -18"><span class='ocrx_word' id='word_1_133' title='bbox 980 4187 1173 4245; x_wconf 67' lang='lat' dir='ltr'><strong>tundis</strong></span> <span class='ocrx_word' id='word_1_134' title='bbox 1200 4202 1313 4260; x_wconf 85' lang='lat' dir='ltr'><strong>que</strong></span> <span class='ocrx_word' id='word_1_135' title='bbox 1340 4176 1809 4262; x_wconf 75' lang='lat' dir='ltr'><strong>&#39;rhun-I&#39;Eveque</strong></span> <span class='ocrx_word' id='word_1_136' title='bbox 1835 4187 1990 4245; x_wconf 75' lang='lat' dir='ltr'><strong>avait</strong></span> <span class='ocrx_word' id='word_1_137' title='bbox 2017 4187 2107 4244; x_wconf 74' lang='lat' dir='ltr'><strong>ete</strong></span> <span class='ocrx_word' id='word_1_138' title='bbox 2135 4188 2420 4246; x_wconf 75' lang='lat' dir='ltr'><strong>construit</strong></span> <span class='ocrx_word' id='word_1_139' title='bbox 2445 4204 2548 4262; x_wconf 75' lang='lat' dir='ltr'><strong>par</strong></span> <span class='ocrx_word' id='word_1_140' title='bbox 2575 4186 2832 4260; x_wconf 71' lang='lat' dir='ltr'><strong>Nicolas,</strong></span> <span class='ocrx_word' id='word_1_141' title='bbox 2859 4195 2919 4244; x_wconf 86' lang='lat' dir='ltr'><strong>et</strong></span> <span class='ocrx_word' id='word_1_142' title='bbox 2943 4203 3077 4245; x_wconf 83' lang='lat' dir='ltr'><strong>nous</strong></span> 
     </span>
    </p>
   </div>
   <div class='ocr_carea' id='block_1_6' title="bbox 3398 1048 3412 4078">
    <p class='ocr_par' dir='ltr' id='par_1_6' title="bbox 3398 1048 3412 4078">
     <span class='ocr_line' id='line_1_32' title="bbox 3398 1048 3412 4078; baseline 0 0"><span class='ocrx_word' id='word_1_143' title='bbox 3398 1048 3412 4078; x_wconf 95' lang='lat' dir='ltr'><strong> </strong></span> 
     </span>
    </p>
   </div>
   <div class='ocr_carea' id='block_1_7' title="bbox 3401 4229 3408 5395">
    <p class='ocr_par' dir='ltr' id='par_1_7' title="bbox 3401 4229 3408 5395">
     <span class='ocr_line' id='line_1_33' title="bbox 3401 4229 3408 5395; baseline 0 0"><span class='ocrx_word' id='word_1_144' title='bbox 3401 4229 3408 5395; x_wconf 95' lang='lat' dir='ltr'><strong> </strong></span> 
     </span>
    </p>
   </div>
  </div>
 </body>
</html>
