<?xml version="1.0" encoding="UTF-8"?>
<!DOCTYPE html PUBLIC "-//W3C//DTD XHTML 1.0 Transitional//EN"
    "http://www.w3.org/TR/xhtml1/DTD/xhtml1-transitional.dtd">
<html xmlns="http://www.w3.org/1999/xhtml" xml:lang="en" lang="en">
 <head>
  <title>
</title>
<meta http-equiv="Content-Type" content="text/html;charset=utf-8" />
  <meta name='ocr-system' content='tesseract 3.04.00' />
  <meta name='ocr-capabilities' content='ocr_page ocr_carea ocr_par ocr_line ocrx_word'/>
</head>
<body>
  <div class='ocr_page' id='page_1' title='image "./gestesdesvquesd01unkngoog_0233.png"; bbox 0 0 3478 5438; ppageno 0'>
   <div class='ocr_carea' id='block_1_1' title="bbox 497 845 590 920">
    <p class='ocr_par' dir='ltr' id='par_1_1' title="bbox 497 845 590 920">
     <span class='ocr_line' id='line_1_1' title="bbox 497 845 590 920; baseline 0 0"><span class='ocrx_word' id='word_1_1' title='bbox 497 845 590 920; x_wconf 70' lang='lat'><strong>54</strong></span> 
     </span>
    </p>
   </div>
   <div class='ocr_carea' id='block_1_2' title="bbox 496 1313 590 1384">
    <p class='ocr_par' dir='ltr' id='par_1_2' title="bbox 496 1313 590 1384">
     <span class='ocr_line' id='line_1_2' title="bbox 496 1313 590 1384; baseline -0.021 0"><span class='ocrx_word' id='word_1_2' title='bbox 496 1313 590 1384; x_wconf 88' lang='grc'><strong>55</strong></span> 
     </span>
    </p>
   </div>
   <div class='ocr_carea' id='block_1_3' title="bbox 497 1774 590 1846">
    <p class='ocr_par' dir='ltr' id='par_1_3' title="bbox 497 1774 590 1846">
     <span class='ocr_line' id='line_1_3' title="bbox 497 1774 590 1846; baseline -0.022 0"><span class='ocrx_word' id='word_1_3' title='bbox 497 1774 590 1846; x_wconf 88' lang='grc'><strong>56</strong></span> 
     </span>
    </p>
   </div>
   <div class='ocr_carea' id='block_1_4' title="bbox 500 2237 594 2308">
    <p class='ocr_par' dir='ltr' id='par_1_4' title="bbox 500 2237 594 2308">
     <span class='ocr_line' id='line_1_4' title="bbox 500 2237 594 2308; baseline -0.021 0"><span class='ocrx_word' id='word_1_4' title='bbox 500 2237 594 2308; x_wconf 86' lang='grc'><strong>57</strong></span> 
     </span>
    </p>
   </div>
   <div class='ocr_carea' id='block_1_5' title="bbox 503 2696 597 2767">
    <p class='ocr_par' dir='ltr' id='par_1_5' title="bbox 503 2696 597 2767">
     <span class='ocr_line' id='line_1_5' title="bbox 503 2696 597 2767; baseline 0 0"><span class='ocrx_word' id='word_1_5' title='bbox 503 2696 597 2767; x_wconf 86' lang='grc'><strong>58</strong></span> 
     </span>
    </p>
   </div>
   <div class='ocr_carea' id='block_1_6' title="bbox 507 3162 599 3232">
    <p class='ocr_par' dir='ltr' id='par_1_6' title="bbox 507 3162 599 3232">
     <span class='ocr_line' id='line_1_6' title="bbox 507 3162 599 3232; baseline 0.011 -1"><span class='ocrx_word' id='word_1_6' title='bbox 507 3162 599 3232; x_wconf 84' lang='grc'><strong>59</strong></span> 
     </span>
    </p>
   </div>
   <div class='ocr_carea' id='block_1_7' title="bbox 507 3621 601 3692">
    <p class='ocr_par' dir='ltr' id='par_1_7' title="bbox 507 3621 601 3692">
     <span class='ocr_line' id='line_1_7' title="bbox 507 3621 601 3692; baseline 0.011 -1"><span class='ocrx_word' id='word_1_7' title='bbox 507 3621 601 3692; x_wconf 87' lang='grc'><strong>60</strong></span> 
     </span>
    </p>
   </div>
   <div class='ocr_carea' id='block_1_8' title="bbox 1359 483 1636 536">
    <p class='ocr_par' dir='ltr' id='par_1_8' title="bbox 1359 483 1636 536">
     <span class='ocr_line' id='line_1_8' title="bbox 1359 483 1636 536; baseline 0.007 -2"><span class='ocrx_word' id='word_1_8' title='bbox 1359 483 1636 536; x_wconf 69' lang='lat' dir='ltr'><strong>monui.</strong></span> 
     </span>
    </p>
   </div>
   <div class='ocr_carea' id='block_1_9' title="bbox 880 617 2049 3719">
    <p class='ocr_par' dir='ltr' id='par_1_9' title="bbox 880 617 2049 3719">
     <span class='ocr_line' id='line_1_9' title="bbox 883 617 1769 716; baseline -0.001 -23"><span class='ocrx_word' id='word_1_9' title='bbox 883 618 1205 716; x_wconf 81' lang='lat' dir='ltr'><strong>sicutque</strong></span> <span class='ocrx_word' id='word_1_10' title='bbox 1240 617 1462 693; x_wconf 85' lang='lat' dir='ltr'><strong>David</strong></span> <span class='ocrx_word' id='word_1_11' title='bbox 1499 617 1769 695; x_wconf 84' lang='lat' dir='ltr'><strong>Goliam</strong></span> 
     </span>
     <span class='ocr_line' id='line_1_10' title="bbox 881 732 1750 833; baseline -0.002 -23"><span class='ocrx_word' id='word_1_12' title='bbox 881 733 1072 833; x_wconf 83' lang='lat' dir='ltr'><strong>cepit</strong></span> <span class='ocrx_word' id='word_1_13' title='bbox 1106 732 1396 808; x_wconf 82' lang='lat' dir='ltr'><strong>inermis</strong></span> <span class='ocrx_word' id='word_1_14' title='bbox 1431 733 1750 809; x_wconf 82' lang='lat' dir='ltr'><strong>militem.</strong></span> 
     </span>
     <span class='ocr_line' id='line_1_11' title="bbox 980 847 2049 947; baseline 0.002 -23"><span class='ocrx_word' id='word_1_15' title='bbox 980 847 1093 924; x_wconf 76' lang='lat' dir='ltr'><strong>Ad</strong></span> <span class='ocrx_word' id='word_1_16' title='bbox 1127 873 1342 947; x_wconf 88' lang='lat' dir='ltr'><strong>quem</strong></span> <span class='ocrx_word' id='word_1_17' title='bbox 1376 858 1670 924; x_wconf 83' lang='lat' dir='ltr'><strong>currunt</strong></span> <span class='ocrx_word' id='word_1_18' title='bbox 1705 850 2049 928; x_wconf 76' lang='lat' dir='ltr'><strong>ruricolae</strong></span> 
     </span>
     <span class='ocr_line' id='line_1_12' title="bbox 880 963 1692 1044; baseline 0 -5"><span class='ocrx_word' id='word_1_19' title='bbox 880 964 1202 1039; x_wconf 83' lang='lat' dir='ltr'><strong>volentes</strong></span> <span class='ocrx_word' id='word_1_20' title='bbox 1235 963 1632 1044; x_wconf 76' lang='lat' dir='ltr'><strong>interficere</strong></span> <span class='ocrx_word' id='word_1_21' title='bbox 1675 992 1692 1039; x_wconf 93' lang='lat'><strong>:</strong></span> 
     </span>
     <span class='ocr_line' id='line_1_13' title="bbox 883 1077 1881 1180; baseline 0.006 -30"><span class='ocrx_word' id='word_1_22' title='bbox 883 1077 1150 1178; x_wconf 86' lang='lat' dir='ltr'><strong>quippe</strong></span> <span class='ocrx_word' id='word_1_23' title='bbox 1187 1103 1368 1176; x_wconf 89' lang='lat' dir='ltr'><strong>quos</strong></span> <span class='ocrx_word' id='word_1_24' title='bbox 1403 1077 1522 1153; x_wconf 89' lang='lat' dir='ltr'><strong>illo</strong></span> <span class='ocrx_word' id='word_1_25' title='bbox 1556 1087 1881 1180; x_wconf 70' lang='lat' dir='ltr'><strong>tempore</strong></span> 
     </span>
     <span class='ocr_line' id='line_1_14' title="bbox 883 1194 1911 1292; baseline 0.003 -23"><span class='ocrx_word' id='word_1_26' title='bbox 883 1217 1270 1292; x_wconf 78' lang='lat' dir='ltr'><strong>numquam</strong></span> <span class='ocrx_word' id='word_1_27' title='bbox 1303 1194 1911 1276; x_wconf 68' lang='lat' dir='ltr'><strong>cessaratjedere.</strong></span> 
     </span>
     <span class='ocr_line' id='line_1_15' title="bbox 981 1309 2026 1408; baseline 0.004 -24"><span class='ocrx_word' id='word_1_28' title='bbox 981 1315 1173 1384; x_wconf 86' lang='lat' dir='ltr'><strong>Tunc</strong></span> <span class='ocrx_word' id='word_1_29' title='bbox 1207 1309 1299 1386; x_wconf 89' lang='lat' dir='ltr'><strong>de</strong></span> <span class='ocrx_word' id='word_1_30' title='bbox 1333 1317 1566 1384; x_wconf 75' lang='lat' dir='ltr'><strong>morte</strong></span> <span class='ocrx_word' id='word_1_31' title='bbox 1603 1312 2026 1408; x_wconf 79' lang='lat' dir='ltr'><strong>perterritus</strong></span> 
     </span>
     <span class='ocr_line' id='line_1_16' title="bbox 882 1423 1915 1525; baseline 0.006 -28"><span class='ocrx_word' id='word_1_32' title='bbox 882 1449 1019 1525; x_wconf 83' lang='lat' dir='ltr'><strong>pro</strong></span> <span class='ocrx_word' id='word_1_33' title='bbox 1053 1423 1490 1500; x_wconf 73' lang='lat' dir='ltr'><strong>circumfusis</strong></span> <span class='ocrx_word' id='word_1_34' title='bbox 1525 1424 1881 1502; x_wconf 80' lang='lat' dir='ltr'><strong>hostibus¹</strong></span> <span class='ocrx_word' id='word_1_35' title='bbox 1894 1485 1915 1514; x_wconf 86' lang='lat'><strong>‚</strong></span> 
     </span>
     <span class='ocr_line' id='line_1_17' title="bbox 883 1539 1670 1616; baseline 0.004 -3"><span class='ocrx_word' id='word_1_36' title='bbox 883 1548 1044 1614; x_wconf 77' lang='lat' dir='ltr'><strong>orat</strong></span> <span class='ocrx_word' id='word_1_37' title='bbox 1077 1539 1314 1614; x_wconf 86' lang='lat' dir='ltr'><strong>flendo</strong></span> <span class='ocrx_word' id='word_1_38' title='bbox 1349 1548 1431 1615; x_wconf 80' lang='lat' dir='ltr'><strong>ut</strong></span> <span class='ocrx_word' id='word_1_39' title='bbox 1464 1540 1670 1616; x_wconf 85' lang='lat' dir='ltr'><strong>citius</strong></span> 
     </span>
     <span class='ocr_line' id='line_1_18' title="bbox 883 1655 1780 1762; baseline 0 -30"><span class='ocrx_word' id='word_1_40' title='bbox 883 1655 1082 1732; x_wconf 87' lang='lat' dir='ltr'><strong>illum</strong></span> <span class='ocrx_word' id='word_1_41' title='bbox 1117 1655 1340 1732; x_wconf 82' lang='lat' dir='ltr'><strong>salvet</strong></span> <span class='ocrx_word' id='word_1_42' title='bbox 1373 1656 1780 1762; x_wconf 59' lang='lat' dir='ltr'><strong>episcopus</strong></span> 
     </span>
     <span class='ocr_line' id='line_1_19' title="bbox 982 1771 1993 1852; baseline 0.006 -6"><span class='ocrx_word' id='word_1_43' title='bbox 982 1771 1225 1847; x_wconf 70' lang='lat' dir='ltr'><strong>Pnesul</strong></span> <span class='ocrx_word' id='word_1_44' title='bbox 1259 1771 1370 1847; x_wconf 90' lang='lat' dir='ltr'><strong>his</strong></span> <span class='ocrx_word' id='word_1_45' title='bbox 1411 1781 1650 1849; x_wconf 89' lang='lat' dir='ltr'><strong>motus</strong></span> <span class='ocrx_word' id='word_1_46' title='bbox 1686 1773 1993 1852; x_wconf 78' lang='lat' dir='ltr'><strong>lacrimis</strong></span> 
     </span>
     <span class='ocr_line' id='line_1_20' title="bbox 883 1887 1732 1986; baseline 0.002 -25"><span class='ocrx_word' id='word_1_47' title='bbox 883 1887 1108 1986; x_wconf 88' lang='lat' dir='ltr'><strong>pulsis</strong></span> <span class='ocrx_word' id='word_1_48' title='bbox 1143 1887 1419 1964; x_wconf 78' lang='lat' dir='ltr'><strong>laborat</strong></span> <span class='ocrx_word' id='word_1_49' title='bbox 1451 1889 1732 1964; x_wconf 71' lang='lat' dir='ltr'><strong>rusticis</strong></span> 
     </span>
     <span class='ocr_line' id='line_1_21' title="bbox 886 2002 1801 2101; baseline 0.001 -24"><span class='ocrx_word' id='word_1_50' title='bbox 886 2002 1080 2101; x_wconf 91' lang='lat' dir='ltr'><strong>quod</strong></span> <span class='ocrx_word' id='word_1_51' title='bbox 1115 2002 1228 2077; x_wconf 91' lang='lat' dir='ltr'><strong>leo</strong></span> <span class='ocrx_word' id='word_1_52' title='bbox 1260 2003 1482 2078; x_wconf 87' lang='lat' dir='ltr'><strong>factus</strong></span> <span class='ocrx_word' id='word_1_53' title='bbox 1515 2004 1801 2078; x_wconf 87' lang='lat' dir='ltr'><strong>humilis</strong></span> 
     </span>
     <span class='ocr_line' id='line_1_22' title="bbox 886 2117 1789 2192; baseline 0 0"><span class='ocrx_word' id='word_1_54' title='bbox 886 2123 1210 2192; x_wconf 81' lang='lat' dir='ltr'><strong>servatus</strong></span> <span class='ocrx_word' id='word_1_55' title='bbox 1247 2124 1356 2190; x_wconf 84' lang='lat' dir='ltr'><strong>est</strong></span> <span class='ocrx_word' id='word_1_56' title='bbox 1389 2117 1789 2192; x_wconf 89' lang='lat' dir='ltr'><strong>incolumis.</strong></span> 
     </span>
     <span class='ocr_line' id='line_1_23' title="bbox 983 2231 1777 2310; baseline 0.001 -3"><span class='ocrx_word' id='word_1_57' title='bbox 983 2235 1084 2308; x_wconf 90' lang='lat' dir='ltr'><strong>De</strong></span> <span class='ocrx_word' id='word_1_58' title='bbox 1119 2231 1402 2306; x_wconf 80' lang='lat' dir='ltr'><strong>rusticis</strong></span> <span class='ocrx_word' id='word_1_59' title='bbox 1435 2232 1777 2310; x_wconf 80' lang='lat' dir='ltr'><strong>liberatus</strong></span> 
     </span>
     <span class='ocr_line' id='line_1_24' title="bbox 888 2345 1624 2446; baseline 0.001 -24"><span class='ocrx_word' id='word_1_60' title='bbox 888 2345 1205 2446; x_wconf 84' lang='lat' dir='ltr'><strong>episcopi</strong></span> <span class='ocrx_word' id='word_1_61' title='bbox 1238 2346 1624 2438; x_wconf 80' lang='lat' dir='ltr'><strong>laboribus,</strong></span> 
     </span>
     <span class='ocr_line' id='line_1_25' title="bbox 885 2455 1797 2540; baseline 0.007 -6"><span class='ocrx_word' id='word_1_62' title='bbox 885 2455 1010 2534; x_wconf 79' lang='lat' dir='ltr'><strong>vi&#39;x</strong></span> <span class='ocrx_word' id='word_1_63' title='bbox 1047 2459 1306 2536; x_wconf 85' lang='lat' dir='ltr'><strong>civium</strong></span> <span class='ocrx_word' id='word_1_64' title='bbox 1342 2461 1434 2538; x_wconf 87' lang='lat' dir='ltr'><strong>de</strong></span> <span class='ocrx_word' id='word_1_65' title='bbox 1467 2462 1797 2540; x_wconf 88' lang='lat' dir='ltr'><strong>manibus</strong></span> 
     </span>
     <span class='ocr_line' id='line_1_26' title="bbox 890 2575 1640 2675; baseline 0.003 -25"><span class='ocrx_word' id='word_1_66' title='bbox 890 2575 1114 2651; x_wconf 86' lang='lat' dir='ltr'><strong>evasit</strong></span> <span class='ocrx_word' id='word_1_67' title='bbox 1146 2575 1262 2650; x_wconf 91' lang='lat' dir='ltr'><strong>ille</strong></span> <span class='ocrx_word' id='word_1_68' title='bbox 1294 2576 1640 2675; x_wconf 82' lang='lat' dir='ltr'><strong>perfidus,</strong></span> 
     </span>
     <span class='ocr_line' id='line_1_27' title="bbox 987 2691 2013 2792; baseline 0.003 -26"><span class='ocrx_word' id='word_1_69' title='bbox 987 2691 1283 2783; x_wconf 80' lang='lat' dir='ltr'><strong>Quando</strong></span> <span class='ocrx_word' id='word_1_70' title='bbox 1317 2692 1508 2767; x_wconf 88' lang='lat' dir='ltr'><strong>enim</strong></span> <span class='ocrx_word' id='word_1_71' title='bbox 1544 2693 1783 2792; x_wconf 81' lang='lat' dir='ltr'><strong>presul</strong></span> <span class='ocrx_word' id='word_1_72' title='bbox 1818 2693 2013 2769; x_wconf 89' lang='lat' dir='ltr'><strong>illum</strong></span> 
     </span>
     <span class='ocr_line' id='line_1_28' title="bbox 889 2808 1776 2885; baseline 0.001 -2"><span class='ocrx_word' id='word_1_73' title='bbox 889 2808 1285 2884; x_wconf 80' lang='lat' dir='ltr'><strong>adducebat</strong></span> <span class='ocrx_word' id='word_1_74' title='bbox 1317 2811 1776 2885; x_wconf 74' lang='lat' dir='ltr'><strong>cameracum</strong></span> 
     </span>
     <span class='ocr_line' id='line_1_29' title="bbox 888 2924 1793 3023; baseline 0.003 -26"><span class='ocrx_word' id='word_1_75' title='bbox 888 2924 962 2997; x_wconf 93' lang='lat' dir='ltr'><strong>in</strong></span> <span class='ocrx_word' id='word_1_76' title='bbox 997 2924 1343 3022; x_wconf 83' lang='lat' dir='ltr'><strong>captionis</strong></span> <span class='ocrx_word' id='word_1_77' title='bbox 1379 2924 1712 3023; x_wconf 87' lang='lat' dir='ltr'><strong>laqueum</strong></span> <span class='ocrx_word' id='word_1_78' title='bbox 1786 2976 1793 2987; x_wconf 95' lang='lat'>-</span> 
     </span>
     <span class='ocr_line' id='line_1_30' title="bbox 890 3039 1853 3138; baseline 0.001 -23"><span class='ocrx_word' id='word_1_79' title='bbox 890 3064 982 3115; x_wconf 90' lang='lat' dir='ltr'><strong>ne</strong></span> <span class='ocrx_word' id='word_1_80' title='bbox 1015 3039 1363 3138; x_wconf 80' lang='lat' dir='ltr'><strong>perdendi</strong></span> <span class='ocrx_word' id='word_1_81' title='bbox 1399 3040 1493 3115; x_wconf 81' lang='lat' dir='ltr'><strong>sit</strong></span> <span class='ocrx_word' id='word_1_82' title='bbox 1528 3040 1853 3129; x_wconf 91' lang='lat' dir='ltr'><strong>dubium,</strong></span> 
     </span>
     <span class='ocr_line' id='line_1_31' title="bbox 988 3138 1799 3261; baseline 0.001 -31"><span class='ocrx_word' id='word_1_83' title='bbox 988 3156 1182 3230; x_wconf 82' lang='lat' dir='ltr'><strong>cives</strong></span> <span class='ocrx_word' id='word_1_84' title='bbox 1215 3155 1469 3261; x_wconf 72' lang='lat' dir='ltr'><strong>armati</strong></span> <span class='ocrx_word' id='word_1_85' title='bbox 1505 3155 1712 3243; x_wconf 85' lang='lat' dir='ltr'><strong>citius</strong></span> <span class='ocrx_word' id='word_1_86' title='bbox 1790 3138 1799 3151; x_wconf 67' lang='grc'><strong>’</strong></span> 
     </span>
     <span class='ocr_line' id='line_1_32' title="bbox 893 3269 1716 3358; baseline 0 -11"><span class='ocrx_word' id='word_1_87' title='bbox 893 3280 965 3347; x_wconf 83' lang='lat' dir='ltr'><strong>et</strong></span> <span class='ocrx_word' id='word_1_88' title='bbox 997 3269 1259 3345; x_wconf 84' lang='lat' dir='ltr'><strong>lanceis</strong></span> <span class='ocrx_word' id='word_1_89' title='bbox 1293 3277 1368 3345; x_wconf 88' lang='lat' dir='ltr'><strong>et</strong></span> <span class='ocrx_word' id='word_1_90' title='bbox 1401 3269 1716 3358; x_wconf 86' lang='lat' dir='ltr'><strong>ensibus,</strong></span> 
     </span>
     <span class='ocr_line' id='line_1_33' title="bbox 893 3385 1620 3485; baseline 0.001 -24"><span class='ocrx_word' id='word_1_91' title='bbox 893 3385 1344 3462; x_wconf 81' lang='lat' dir='ltr'><strong>contribulati</strong></span> <span class='ocrx_word' id='word_1_92' title='bbox 1379 3386 1620 3485; x_wconf 85' lang='lat' dir='ltr'><strong>sepius</strong></span> 
     </span>
     <span class='ocr_line' id='line_1_34' title="bbox 893 3499 1677 3588; baseline 0.001 -12"><span class='ocrx_word' id='word_1_93' title='bbox 893 3499 1186 3576; x_wconf 75' lang='lat' dir='ltr'><strong>Gerar-di</strong></span> <span class='ocrx_word' id='word_1_94' title='bbox 1223 3499 1677 3588; x_wconf 77' lang='lat' dir='ltr'><strong>facinoribus,</strong></span> 
     </span>
     <span class='ocr_line' id='line_1_35' title="bbox 992 3617 1945 3719; baseline 0.002 -30"><span class='ocrx_word' id='word_1_95' title='bbox 992 3617 1367 3719; x_wconf 76' lang='lat' dir='ltr'><strong>insurgunt</strong></span> <span class='ocrx_word' id='word_1_96' title='bbox 1401 3617 1745 3693; x_wconf 79' lang='lat' dir='ltr'><strong>adversus</strong></span> <span class='ocrx_word' id='word_1_97' title='bbox 1780 3639 1945 3691; x_wconf 90' lang='lat' dir='ltr'><strong>eum</strong></span> 
     </span>
    </p>
   </div>
   <div class='ocr_carea' id='block_1_10' title="bbox 895 3730 2093 3831">
    <p class='ocr_par' dir='ltr' id='par_1_10' title="bbox 895 3730 2093 3831">
     <span class='ocr_line' id='line_1_36' title="bbox 895 3730 2093 3831; baseline -0.001 -24"><span class='ocrx_word' id='word_1_98' title='bbox 895 3741 1259 3831; x_wconf 76' lang='lat' dir='ltr'><strong>tamquam</strong></span> <span class='ocrx_word' id='word_1_99' title='bbox 1293 3731 1642 3807; x_wconf 82' lang='lat' dir='ltr'><strong>latronem</strong></span> <span class='ocrx_word' id='word_1_100' title='bbox 1678 3730 2093 3830; x_wconf 87' lang='lat' dir='ltr'><strong>pessimum,</strong></span> 
     </span>
    </p>
   </div>
   <div class='ocr_carea' id='block_1_11' title="bbox 897 3846 1911 4037">
    <p class='ocr_par' dir='ltr' id='par_1_11' title="bbox 897 3846 1911 4037">
     <span class='ocr_line' id='line_1_37' title="bbox 897 3846 1821 3923; baseline -0.002 0"><span class='ocrx_word' id='word_1_101' title='bbox 897 3849 1278 3923; x_wconf 87' lang='lat' dir='ltr'><strong>clamantes</strong></span> <span class='ocrx_word' id='word_1_102' title='bbox 1313 3846 1448 3922; x_wconf 86' lang='lat' dir='ltr'><strong>sibi</strong></span> <span class='ocrx_word' id='word_1_103' title='bbox 1483 3846 1821 3921; x_wconf 81' lang='lat' dir='ltr'><strong>meritum</strong></span> 
     </span>
     <span class='ocr_line' id='line_1_38' title="bbox 899 3961 1911 4037; baseline -0.002 0"><span class='ocrx_word' id='word_1_104' title='bbox 899 3962 1152 4037; x_wconf 75' lang='lat' dir='ltr'><strong>mortis</strong></span> <span class='ocrx_word' id='word_1_105' title='bbox 1184 3961 1464 4037; x_wconf 82' lang='lat' dir='ltr'><strong>venisse</strong></span> <span class='ocrx_word' id='word_1_106' title='bbox 1501 3961 1911 4035; x_wconf 79' lang='lat' dir='ltr'><strong>terminum.</strong></span> 
     </span>
    </p>
   </div>
   <div class='ocr_carea' id='block_1_12' title="bbox 539 4236 2033 4309">
    <p class='ocr_par' dir='ltr' id='par_1_12' title="bbox 539 4236 2033 4309">
     <span class='ocr_line' id='line_1_39' title="bbox 539 4236 2033 4309; baseline -0.001 -15"><span class='ocrx_word' id='word_1_107' title='bbox 539 4240 588 4295; x_wconf 81' lang='lat'><strong>1.</strong></span> <span class='ocrx_word' id='word_1_108' title='bbox 633 4240 895 4295; x_wconf 75' lang='lat' dir='ltr'><strong>hostibus.</strong></span> <span class='ocrx_word' id='word_1_109' title='bbox 933 4236 1089 4295; x_wconf 85' lang='lat' dir='ltr'><strong>Dans</strong></span> <span class='ocrx_word' id='word_1_110' title='bbox 1119 4236 1172 4293; x_wconf 91' lang='lat' dir='ltr'><strong>le</strong></span> <span class='ocrx_word' id='word_1_111' title='bbox 1199 4252 1307 4293; x_wconf 78' lang='lat' dir='ltr'><strong>ms,</strong></span> <span class='ocrx_word' id='word_1_112' title='bbox 1341 4236 1646 4295; x_wconf 83' lang='lat' dir='ltr'><strong>au-dessus</strong></span> <span class='ocrx_word' id='word_1_113' title='bbox 1673 4237 1745 4294; x_wconf 85' lang='lat' dir='ltr'><strong>de</strong></span> <span class='ocrx_word' id='word_1_114' title='bbox 1773 4236 1829 4294; x_wconf 85' lang='lat' dir='ltr'><strong>la</strong></span> <span class='ocrx_word' id='word_1_115' title='bbox 1858 4236 2033 4309; x_wconf 76' lang='lat' dir='ltr'><strong>ligne.</strong></span> 
     </span>
    </p>
   </div>
   <div class='ocr_carea' id='block_1_13' title="bbox 2468 492 2550 544">
    <p class='ocr_par' dir='ltr' id='par_1_13' title="bbox 2468 492 2550 544">
     <span class='ocr_line' id='line_1_40' title="bbox 2468 492 2550 544; baseline -0.024 0"><span class='ocrx_word' id='word_1_116' title='bbox 2468 492 2550 544; x_wconf 75' lang='lat'><strong>181</strong></span> 
     </span>
    </p>
   </div>
  </div>
 </body>
</html>
