3478 5438
1306 459 1648 513 cunum.

862 603 1073 694 atque
1106 594 1437 672 fidelibus
1472 595 1621 672 suis

864 719 1013 786 tam
1048 711 1189 786 fide
1224 735 1443 810 quam
1476 711 1936 788 sacramentis
1977 737 1995 785 :

426 827 572 905 272
960 835 1035 902 et
1070 825 1405 926 quicquid
1440 828 1920 904 consuluerint

863 941 1017 1042 ipse
1052 943 1349 1019 libenter
1382 942 1657 1034 fecerit,

861 1058 923 1132 si
958 1057 1025 1132 ei
1059 1057 1459 1134 obedierint

860 1182 932 1248 et
968 1183 1253 1250 cantare
1290 1175 1886 1274 presumpserint.

644 1413 771 1482 De
805 1413 1007 1500 ruga.
1042 1417 1533 1486 clericorum
1570 1417 2310 1486 cameracensium.

428 1635 524 1710 27
530 1637 573 1707 3
869 1615 889 1630 ‘
964 1634 1165 1725 Quod
1202 1635 1651 1736 indignantes
1684 1637 1934 1714 audire

868 1757 941 1824 et
975 1759 1391 1850 respuentes
1427 1751 1686 1854 fecere,

868 1864 1023 1940 fero
1058 1866 1441 1942 frementes
1472 1867 1715 1943 furore

864 1988 939 2055 et
971 1981 1243 2058 infinita
1276 1983 1475 2058 rabie

426 2094 573 2173 274
962 2108 1422 2198 sumpserunt
1454 2098 1531 2174 in
1565 2097 1903 2173 aecclesia

866 2223 1273 2290 sanctorum
1308 2215 1551 2290 saincta
1584 2233 1888 2316 corpora
1903 2273 1924 2304 ‚

867 2331 1185 2405 volentes
1218 2331 1617 2408 sanctuaria

868 2443 960 2520 de
994 2446 1127 2522 hac
1159 2445 1435 2522 auferre
1469 2447 1727 2546 patria.

430 2559 577 2636 275
966 2561 1161 2637 Sicut
1192 2562 1432 2638 audivi
1466 2563 1705 2638 dicere

868 2681 942 2750 et
974 2684 1056 2751 ut
1088 2677 1388 2778 probavi
1424 2677 1757 2778 denique,

867 2792 1127 2867 sanctis
1164 2794 1469 2893 arreptis
1501 2804 1776 2871 temere

866 2915 942 2982 et
972 2908 1125 2984 sine
1162 2908 1541 2986 devotione

428 3019 524 3095 27
528 3023 573 3093 6
960 3025 1315 3124 percussit
1347 3032 1535 3103 Deus
1568 3025 1731 3102 ideo

868 3146 1137 3215 terram
1170 3141 1422 3242 grandi
1460 3140 1829 3231 miraculo,

868 3256 1283 3354 expandens
1316 3257 1607 3356 ymbres
1646 3257 1886 3333 subito

873 3394 1037 3445 cum
1072 3373 1373 3471 strepitu
1408 3374 1734 3449 mirifico.

432 3484 530 3562 27
535 3487 582 3558 7
970 3490 1275 3563 Currunt
1313 3497 1479 3587 post
1514 3514 1638 3563 eos
1674 3489 1915 3565 famuli

872 3611 947 3676 et
980 3602 1237 3679 milites
1271 3605 1587 3705 episcopi
1632 3632 1648 3679 ε

870 3717 1149 3809 timent,
1192 3718 1470 3820 fugiunt
1506 3721 1770 3811 clerici,

872 3844 1153 3909 sanctos
1186 3843 1559 3913 resumunt
1595 3838 1777 3911 laici.

432 3948 529 4027 27
534 3950 577 4019 8
972 3950 1083 4025 Sic
1118 3950 1439 4027 homines
1474 3952 1831 4053 pontificis

876 4067 1270 4144 retulerunt
1304 4070 1659 4145 aecclesiis

879 4190 1185 4273 sanctos,
1226 4185 1581 4283 percussis
1615 4184 1938 4283 plurimis

2473 459 2534 513 47
