3478 5438
1265 447 1654 502 summm.
1685 450 1724 499 1.
2464 455 2551 508 ,ῃ

485 585 578 660 32
971 585 1294 658 Fortasse
1327 585 1516 658 Deus
1551 581 1799 658 annuit

872 695 1066 796 quod
1101 697 1434 776 omnibus
1467 697 1570 774 sio
1605 699 1871 797 placuit
1910 723 1926 770 :

867 811 1210 888 virtutem
1243 813 1436 893 enim
1470 813 1718 893 habuit

873 927 1040 1026 per¹
1083 952 1302 1026 quam
1337 929 1461 1027 qui
1497 928 1710 1004 habet
1746 928 2053 1030 proficit.

485 1045 576 1114 33
968 1047 1146 1118 Nam
1181 1043 1713 1120 elemosinarius

871 1157 1112 1260 largus
1147 1167 1302 1236 erat
1335 1161 1781 1260 pauperibus.

871 1282 946 1351 et
978 1275 1152 1352 haec
1186 1276 1417 1354 virtus
1451 1283 1562 1352 est
1598 1277 1929 1354 omnibus

869 1391 1216 1466 exoelsior
1251 1391 1662 1470 virtutibus,

483 1505 578 1579 34
970 1512 1147 1582 Nam
1181 1505 1346 1582 data
1375 1507 1770 1586 elemosina
1838 1587 1843 1592 .

871 1632 983 1698 est
1017 1623 1349 1722 precibus
1385 1623 1694 1714 assidua,

875 1739 1048 1813 haec
1083 1749 1193 1814 est
1227 1763 1411 1838 quae
1445 1749 1703 1840 purgat
1742 1738 2039 1816 crimina

873 1863 946 1931 et
981 1863 1234 1930 cuneta
1267 1853 1488 1932 donat
1521 1879 1898 1955 prospera.

485 1973 576 2044 35
969 1969 1166 2045 Multi
1202 1971 1394 2046 enim
1429 1970 1801 2070 gentilium
1886 2013 1904 2022 ·

871 2107 1004 2182 per
1038 2085 1176 2160 hoo
1207 2084 1402 2162 idem
1434 2085 1751 2162 officium

872 2209 1288 2276 meruerunt
1325 2200 1718 2301 propitium

872 2316 1008 2392 sibi
1045 2317 1308 2394 habere
1343 2317 1751 2392 Dominum.

483 2435 576 2506 36
971 2437 1167 2509 Uxor
1203 2433 1358 2533 ejus
1393 2432 1717 2508 similiter

877 2547 1181 2624 libenter
1215 2549 1440 2647 pascit
1473 2573 1855 2650 pauperes,

875 2663 1105 2739 nudos
1140 2665 1354 2742 vestit
1387 2673 1461 2741 et
1497 2663 1769 2741 debiles

872 2804 1236 2881 vagosque
1271 2780 1439 2863 facit
1473 2780 1821 2880 hospites.

487 2900 578 2971 37
969 2897 1301 2973 Libenter
1338 2897 1432 2973 ad
1467 2896 1987 2973 sanctissimam

869 3010 993 3122 Dei
1030 3010 1302 3086 vadunt
1337 3013 1777 3101 aecclesiam,

872 3152 1006 3228 per
1040 3153 1452 3205 sermonum
1487 3129 1957 3227 frequentiam

873 3243 1261 3319 abhorrent
1295 3244 1692 3319 maiitiam.
2000 3252 2005 3257 ’

489 3362 580 3433 38
973 3364 1132 3437 Jam
1163 3360 1255 3435 de
1291 3360 1494 3435 malis
1529 3360 1949 3461 recogitant,

867 3473 1018 3574 jam
1055 3499 1134 3549 se
1168 3462 1500 3573 peccasse
1539 3474 1885 3573 peniteat,

876 3588 1124 3665 mundi
1159 3589 1356 3669 lucra
1389 3588 1819 3689 despiciunt,

877 3703 1214 3805 quicquid
1251 3704 1516 3779 habent
1550 3704 1910 3779 vilificant.

491 3822 580 3894 39
973 3825 1151 3895 Eece
1185 3825 1373 3896 Deus
1409 3820 1598 3895 huno
1633 3820 1937 3895 alterum

875 3937 1192 4037 respexit
1225 3935 1749 4025 Eustachium2,

511 4132 564 4187 1.
599 4146 720 4203 per.
751 4130 912 4189 Dans
941 4131 995 4189 le
1020 4148 1132 4189 ms.
1164 4132 1476 4189 au-dessus
1503 4131 1575 4190 de
1603 4130 1660 4190 la
1685 4130 1863 4205 ligne.

515 4218 568 4275 2.
609 4220 670 4277 S.
699 4219 1014 4293 Eustache,
1043 4220 1261 4317 honore
1289 4238 1428 4279 avec
1455 4238 1518 4278 sa
1548 4221 1761 4281 semme
1786 4219 2097 4297 Theopiste
2124 4229 2183 4279 et
2210 4236 2303 4281 ses
2330 4220 2559 4281 enfants
