3478 5438
1347 490 1625 543 nicom.

434 626 580 704 219
971 632 1096 703 Est
1131 628 1346 728 igitur
1381 626 1794 703 admiranda

875 742 947 817 in
984 744 1119 818 hoc
1154 744 1277 819 Dei
1306 743 1584 843 justicia

876 860 1071 957 quod
1109 860 1402 936 Gerardi
1438 869 1606 934 trux
1642 857 1910 958 collega

876 974 1056 1061 infra
1091 974 1245 1049 dies
1281 975 1783 1075 quadraginta¹

434 1089 580 1165 220
970 1098 1137 1187 post
1171 1089 1369 1166 illum
1404 1092 1527 1188 qui
1562 1101 1671 1166 est
1706 1091 1983 1166 occisus

872 1206 1145 1280 occisus
1182 1214 1293 1282 eet
1326 1214 1400 1280 et
1435 1206 1653 1281 Gilius
1698 1232 1715 1280 ε

875 1345 1059 1419 quos
1095 1346 1304 1420 pares
1340 1321 1414 1396 in
1450 1322 1833 1397 sceleribus

873 1460 1169 1535 compar
1202 1438 1589 1537 prostravit
1623 1438 1887 1514 obitus.

437 1550 566 1626 221
972 1558 1074 1629 Ita
1110 1554 1294 1628 mori
1330 1562 1739 1630 meruerant

875 1666 994 1764 qui
1034 1668 1375 1745 adversus
1410 1671 1535 1745 Dei
1569 1679 1870 1744 matrem

875 1791 949 1856 et
980 1783 1386 1859 Nicholaum
1420 1785 1782 1884 presulem

873 1899 1310 1975 incessanter
1343 1910 1834 2000 peccaverant.

438 2014 582 2089 222
972 2021 1118 2091 Hec
1154 2017 1437 2093 fortuna
1470 2026 1665 2092 tanta
1701 2017 1861 2092 talis

876 2131 966 2205 ad
1001 2157 1298 2231 presens
1333 2141 1443 2209 est
1473 2132 1845 2209 laudabilis

874 2248 1049 2323 dum
1084 2249 1456 2324 choruscat
1493 2249 1849 2324 miraculis

873 2370 944 2436 et
979 2373 1301 2440 moratur
1336 2366 1408 2439 in
1446 2364 1840 2463 prosperis.

437 2475 580 2553 223
973 2483 1163 2569 Quae
1195 2480 1347 2554 heri
1384 2488 1579 2554 stans
1617 2479 1899 2555 odibilis

877 2602 948 2667 et
984 2594 1075 2668 de
1110 2620 1342 2670 werra
1376 2595 1715 2670 terribilis

873 2708 955 2783 fit
990 2709 1200 2800 hodie
1238 2710 1585 2800 amabilis,

874 2825 1166 2924 pacifica
1201 2836 1271 2901 et
1309 2827 1620 2902 humilis,

435 3015 583 3068 avoit
612 3013 843 3083 rechups
870 3030 940 3069 en
964 3017 1245 3086 plusieurs
1275 3017 1528 3072 batailles
1566 3022 1617 3071 et
1653 3022 1866 3072 estours
1903 3019 1976 3075 οὐ
2018 3019 2063 3073 il
2099 3015 2301 3071 s'estoit
2343 3021 2452 3069 erm.

437 3101 599 3159 Cette
621 3101 883 3160 derniere
913 3103 1141 3160 version
1168 3103 1291 3161 doit
1318 3103 1710 3162 evidemment
1747 3108 1867 3162 etre
1901 3104 2277 3162 abandonnee
2313 3121 2388 3162 en
2424 3121 2452 3177 p

436 3206 608 3248 sence
638 3190 708 3248 de
735 3190 792 3249 la
819 3192 1043 3249 donnee
1073 3192 1189 3249 tres
1218 3192 1434 3265 precise
1462 3209 1574 3266 que
1604 3210 1752 3251 nous
1778 3208 1956 3250 avons
1984 3192 2079 3250 ici.
2113 3192 2296 3250 Gilles
2316 3192 2385 3248 de
2406 3192 2450 3249 C

435 3283 669 3335 mourut
695 3278 830 3335 bien
858 3277 995 3335 d’un
1022 3294 1170 3352 coup
1198 3280 1269 3336 de
1292 3279 1475 3350 lance,
1498 3296 1723 3338 comme
1742 3280 1797 3338 le
1816 3280 1905 3337 dit
1923 3297 2029 3337 son
2049 3279 2315 3354 epitaphe
2347 3282 2452 3347 (cot

437 3367 495 3424 la
521 3375 657 3424 note
684 3368 994 3440 suivante);
1034 3366 1387 3442 seulement,
1416 3369 1639 3442 d'apres
1670 3377 1834 3426 notre
1861 3377 2064 3426 auteur
2091 3376 2452 3442 contempora

435 3470 503 3512 ce
530 3472 604 3512 ne
632 3455 721 3512 fut.
746 3473 847 3529 pas
874 3456 1019 3513 dans
1060 3473 1175 3514 une
1212 3456 1476 3529 haitaina,
1522 3458 1670 3515 mais
1714 3459 1859 3515 dans
1901 3476 1982 3514 un
2019 3458 2090 3515 de
2133 3474 2229 3516 ces
2269 3458 2452 3515 exerci

437 3544 723 3615 guerriers
750 3551 825 3602 ou
854 3544 908 3602 le
935 3545 1172 3603 vaillant
1199 3545 1431 3620 paladin
1458 3547 1615 3604 avait
1639 3547 1976 3605 moissonne
2003 3554 2128 3604 tant
2155 3547 2226 3604 de
2254 3546 2452 3621 palmes

509 3634 561 3689 ¹.
603 3634 681 3691 Ge
708 3632 885 3691 detail
911 3635 1196 3693 e'accorde
1226 3636 1629 3709 parfeitement
1664 3653 1805 3695 avec
1841 3654 1905 3694 ce
1943 3637 2041 3711 qui
2084 3644 2174 3693 est.
2208 3636 2292 3693 dit
2327 3636 2452 3692 dans

437 3722 627 3781 vieille
654 3723 922 3797 epitaphe
949 3723 1229 3795 francaise
1256 3725 1452 3798 placeo
1481 3742 1580 3783 sur
1609 3726 1662 3782 le
1688 3727 1959 3784 tombeau
1984 3726 2055 3783 de
2076 3725 2258 3782 Gilles
2277 3725 2348 3783 de
2369 3724 2452 3782 Ch

439 3815 570 3869 L'an
609 3817 713 3869 mil
751 3820 872 3869 cent
908 3821 959 3870 et
994 3816 1122 3871 HJ
1135 3817 1249 3882 VII,
1293 3819 1387 3885 ι’ϋῠ
1413 3821 1555 3886 jour
1589 3818 1791 3872 devant
1833 3819 1881 3872 le
1923 3820 2236 3885 ηιμ-σοαπ,
2281 3819 2452 3884 trespo

436 3906 660 3957 messim
688 3903 853 3959 Gilles
879 3904 943 3959 de
973 3904 1139 3967 Ghin,
1175 3907 1233 3974 ly
1263 3906 1417 3959 boins
1446 3906 1625 3968 chem,
1658 3908 1760 3974 qui
1786 3907 1876 3974 sut
1907 3910 1997 3959 tud
2022 3906 2186 3959 d'une
2215 3907 2372 3960 lance
2400 3907 2450 3958 et

437 3992 558 4044 εἰπε
584 3992 685 4059 qui
714 3995 813 4044 tua
842 3993 891 4045 le
916 3996 1130 4060 yayant
1157 3991 1286 4064 (cite
1314 4007 1416 4064 par
1442 3991 1513 4048 de
1543 3990 1911 4063 Reiffenberg
1950 3991 2095 4048 dans
2135 3989 2452 4048 l’introducl

438 4093 513 4134 au
542 4079 753 4134 Roman
787 4079 853 4133 de
879 4080 1045 4136 Gilles
1082 4081 1146 4136 de
1175 4080 1345 4147 Chin,
1389 4098 1444 4154 p.
1485 4080 1720 4154 xxxvij).
1766 4080 1984 4138 Gerard
2021 4087 2198 4154 ayant
2235 4079 2327 4137 ete
2366 4079 2452 4135 ωε·

438 4165 473 4222 6
495 4164 686 4239 juillet
712 4166 847 4223 1137
878 4172 1082 4241 (comp.
1114 4167 1244 4242 plus
1272 4169 1413 4226 haut
1442 4188 1496 4243 p.
1532 4169 1654 4242 197,
1694 4186 1755 4226 n.
1791 4170 1876 4241 3),
1906 4186 1972 4227 ce
2011 4170 2097 4226 fut
2133 4169 2269 4226 bien
2307 4168 2452 4225 envi1

438 4262 716 4328 quarente
739 4256 897 4329 jours
924 4257 1088 4329 apres
1115 4275 1228 4332 que
1257 4259 1403 4330 perit
1430 4274 1534 4316 son
1564 4275 1920 4331 compagnon
1949 4258 2215 4331 d’armes‚
2250 4258 2302 4316 le
2333 4257 2401 4314 12
2419 4274 2452 4314 a

442 4343 513 4400 (le
545 4344 599 4400 la
627 4347 815 4402 meme
844 4351 1047 4403 annee.

2451 491 2546 545 ‘205
