3478 5438
886 445 983 499 240
1847 442 2050 495 assu

1324 586 1752 653 renovantes
1788 576 1879 653 ad
1915 576 2247 651 invicem.

889 693 1034 767 458
1424 697 1585 769 Mox
1624 692 1737 767 ille
1772 692 2158 767 Montensis
2193 714 2436 767 comes

1321 817 1392 884 et
1427 807 1800 883 Nicholaus
1835 806 2154 907 pontifex

1322 948 1455 1023 per
1490 922 1756 998 amicos
1791 932 1866 999 et
1899 922 2144 997 fideles

1320 1039 1505 1115 fiunt
1538 1039 1746 1115 amici
1783 1038 2095 1115 stabiles.

884 1156 1027 1232 459
1420 1156 1598 1231 Hinc
1632 1155 1787 1255 ipsa
1819 1164 2012 1230 terra
2049 1153 2330 1229 comitis

1322 1271 1557 1348 banno
1592 1271 1804 1372 ligata
1839 1270 2144 1369 presulis

1322 1388 1642 1464 absoluta
1676 1387 1762 1461 fit
1795 1385 2038 1461 hilaris

1320 1528 1455 1601 pro
1492 1502 1869 1578 stabilitate
1903 1500 2124 1600 pacis.

881 1619 1027 1694 460
1418 1622 1507 1692 Et
1540 1626 1620 1692 ut
1646 1616 1872 1717 justa¹
1912 1642 2057 1714 pax
2093 1624 2414 1691 servetur

1318 1734 1497 1832 petit
1533 1758 1773 1808 comes
1811 1741 1884 1807 et
1920 1740 2256 1831 precatur

1319 1858 1399 1925 ut
1432 1849 1788 1926 Gerardus
1825 1873 1905 1923 su
1913 1846 2272 1947 pradictus

1317 1966 1389 2041 in
1427 1966 1607 2041 atrio
1642 1964 2034 2041 tumuletur
2075 1990 2091 2036 ε

879 2082 1011 2158 464
1416 2082 1539 2179 qui
1569 2080 1838 2155 habens
1873 2078 2355 2155 testimonium

1320 2194 1397 2271 se
1431 2196 1932 2296 recognovisse
1967 2220 2174 2271 reum

1317 2319 1563 2386 contra
1600 2320 2000 2386 creatorem
2035 2336 2272 2401 suum,

1314 2428 1577 2503 habere
1613 2426 1829 2503 debet
1865 2427 2148 2503 atrium.

879 2543 1025 2621 462
1416 2542 1675 2619 Audito
1712 2543 2118 2619 testimonio

1316 2658 1557 2760 presul
1594 2658 1988 2736 Get-ardum
2027 2657 2187 2734 ilico

1311 2774 1629 2852 fidelium
1666 2775 1959 2850 consilio

1318 2891 1643 2989 sepelivit
1678 2890 1752 2964 in
1789 2889 1998 2980 atrio,

875 3003 1020 3080 463
1414 3005 1488 3080 in
1522 3005 1705 3080 atrio
1738 3004 1832 3080 de
1871 3005 2178 3081 Senlecis

1314 3144 1519 3196 secus
1554 3121 1824 3195 fossam
1858 3145 2027 3196 suae
2061 3120 2336 3208 matris,

1310 3235 1423 3310 cui
1460 3241 1645 3312 Deus
1680 3235 1964 3334 pietatis

1311 3349 1671 3450 indulgeat
1706 3350 1800 3426 de
1832 3349 2168 3449 peccatis.

875 3463 1021 3539 464
1412 3466 1526 3541 Sic
1555 3466 1665 3542 his
1700 3466 1918 3542 rebus
1953 3465 2404 3565 compositis²

946 3661 998 3717 1.
1028 3664 1211 3733 justa.
1242 3660 1402 3719 Dans
1430 3661 1485 3719 le
1512 3677 1623 3719 ms.
1642 3665 1837 3734 justa.

944 3748 997 3805 2.
1040 3749 1217 3808 Noti-e
1242 3766 1552 3824 anonyme,
1584 3750 1684 3824 qui
1712 3750 1866 3807 avait
1891 3749 2018 3823 dbia
2044 3752 2212 3824 passe
2247 3765 2383 3808 sous
2415 3749 2632 3808 silence
2667 3747 2722 3808 le
2756 3766 2985 3808 socours

872 3836 1106 3896 necorde
1144 3841 1181 3896 ὲ
1216 3838 1471 3914 l’eveque
1508 3855 1610 3914 par
1636 3838 1882 3914 Thierry
1911 3839 2172 3898 d'Alsace
2205 3841 2407 3914 (comp.
2440 3839 2569 3914 plus
2599 3839 2742 3897 haut
2769 3858 2828 3914 p.
2857 3839 2984 3910 232,

872 3927 1024 3998 note)
1044 3969 1060 3997 ‚
1099 3942 1173 3984 ne
1216 3925 1303 3984 dit
1342 3929 1468 3985 rien
1510 3943 1629 3985 non
1668 3927 1799 4002 plus
1841 3928 1918 3986 ici
1957 3926 2028 3986 de
2069 3927 2456 4002 l'importante
2494 3929 2832 3987 concession
2873 3945 2988 4002 qne

871 4014 1109 4075 celui-ci
1138 4017 1339 4092 exiges.
1362 4017 1528 4090 apres
1556 4017 1612 4073 la
1638 4016 1908 4089 victoira,
1949 4017 2382 4092 probablement
2417 4035 2492 4076 en
2533 4025 2697 4076 vei-tu
2727 4017 2828 4076 des
2855 4033 2984 4090 pro·

872 4120 1093 4164 messes
1114 4106 1215 4182 qni
1233 4106 1317 4164 lui
1336 4105 1568 4164 avaient
1586 4105 1677 4163 ete
1698 4106 1864 4165 faites
1895 4107 2096 4180 (comp.
2127 4107 2258 4182 plus
2287 4107 2431 4165 haut
2457 4124 2513 4181 p.
2545 4107 2672 4180 222,
2705 4107 2878 4181 note).
2909 4106 2986 4163 Co

874 4191 1050 4253 detail
1086 4194 1235 4254 n’est
1272 4212 1375 4270 pas
1410 4195 1749 4254 mentionne
1791 4211 1908 4254 non
1949 4195 2078 4269 plus
2114 4211 2216 4270 par
2250 4195 2523 4256 Lambert
2555 4195 2629 4256 de
2666 4194 2983 4254 Watrelos.
