3478 5438
834 352 964 433 274·
1010 336 1022 350 “
1568 347 1780 399 nem
1811 347 1906 396 nu
1941 345 2232 410 vonum.
2309 391 2328 402 ,

835 481 924 538 De
952 462 1275 538 redditione·
1302 479 1665 537 Sanctoberti
1673 519 2739 534 ............
2853 477 2951 532 201

838 569 1005 638 Quod
1020 570 1324 642 episcopus
1344 568 1499 624 idem
1522 566 1828 624 castellum
1849 564 2082 624 Simoni
2102 563 2414 622 castellano
2432 563 2750 621 reddiderit
2855 565 2956 622 203

838 659 925 714 De
952 665 1137 714 morte
1164 656 1355 730 Egidii
1386 656 1457 713 de
1486 655 1695 729 Cinnio
1772 697 1787 711 .
1845 669 1850 672 ·
1865 694 2642 710 .........
2855 653 2957 710 204

838 746 1005 815 Quod
1034 746 1471 802 Cameracenses
1506 744 1782 801 comitem
1825 741 2184 800 Balduinum
2226 741 2340 798 sihi
2375 741 2748 799 adsciverunt

1018 833 1081 889 in
1108 832 1398 889 auxilium
1489 871 1980 888 ......
2016 865 2023 873 ·
2062 871 2744 886 ........
2857 831 2958 888 209

836 921 925 978 De
953 920 1255 978 obsidione
1286 920 1651 977 Senetoberti
1684 959 2744 978 ............
2858 919 2954 976 211

840 1009 927 1066 De
954 1009 1283 1082 receptione
1310 1009 1541 1066 comitis
1569 1009 1724 1067 infre
1753 1008 1957 1065 urbem
1967 1047 2742 1065 .........
2855 1008 2958 1066 216

836 1097 925 1152 De
952 1095 1085 1153 odio
1116 1098 1337 1156 civium
1366 1105 1566 1154 eontra
1594 1096 1934 1170 episcopum
1967 1139 2746 1154 .........
2857 1097 2958 1154 217

836 1183 1003 1251 Quod
1034 1183 1190 1242 cives
1220 1185 1461 1242 domum
1492 1183 1770 1258 Symonis
1807 1183 2222 1256 prostraverint
2246 1226 2738 1242 ......
2855 1185 2958 1242 219

835 1271 1006 1341 Quod
1035 1271 1231 1346 presul
1258 1271 1331 1330 ad
1358 1273 1682 1329 Thumium
1712 1271 2039 1346 confugerit
2060 1315 2742 1330 ........
2857 1273 2958 1331 220

834 1361 923 1418 De
951 1360 1239 1418 discordia
1266 1362 1588 1418 Montensis
1617 1368 1793 1436 atque
1821 1359 2195 1417 Flandrensis
2223 1361 2458 1417 comitis
2533 1405 2547 1418 .
2631 1403 2646 1416 .
2727 1402 2743 1417 .
2855 1361 2958 1418 222

836 1449 925 1506 De
951 1448 1103 1506 bello
1132 1458 1267 1507 ante
1294 1448 1655 1524 Osgiachum
1682 1457 1742 1506 et
1767 1449 1840 1506 de
1867 1447 2135 1524 captione
2161 1448 2456 1522 Symonis.
2535 1492 2550 1504 .
2631 1491 2644 1504 .
2727 1493 2742 1504 .
2857 1449 2956 1507 223

836 1537 925 1594 De
954 1536 1253 1594 taxatione
1290 1538 1510 1595 civium
1586 1577 2743 1594 .............
2855 1537 2954 1594 226

837 1625 1005 1694 Quod
1036 1627 1343 1700 episeopus
1372 1627 1525 1684 cives
1552 1625 1617 1682 in
1644 1625 1840 1684 banno
1869 1624 2122 1682 tenuerit
2149 1633 2380 1700 propter
2407 1640 2575 1684 suem
2606 1625 2744 1682 infi-

1011 1714 1309 1772 delitatem
1326 1759 1341 1787 ‚
1372 1723 1699 1788 terramque
1726 1714 1962 1771 comitis
1967 1756 2641 1770 ........
2731 1759 2744 1772 .
2854 1713 2956 1772 227

836 1803 925 1860 De
952 1803 1125 1859 malis
1154 1820 1189 1860 a
1216 1803 1443 1860 civibus
1470 1802 1812 1877 perpetratis
1870 1845 2742 1858 ..........
2855 1803 2952 1861 231

836 1891 924 1948 De
947 1890 1099 1949 bello
1126 1899 1263 1948 ante
1292 1891 1702 1949 Creviehorum
1730 1891 1880 1949 facto
1969 1933 2744 1948 .........
2855 1892 2956 1949 232

834 1980 923 2037 De
952 1996 1092 2055 pace
1123 1980 1295 2037 nobis
1323 1981 1631 2039 reformata
1683 2023 2743 2038 ............
2855 1981 2956 2039 236

1098 2102 1212 2170 [De
1249 2119 1409 2162 oen-u
1445 2103 1711 2176 Nicoma,
1739 2121 1978 2167 musone
2016 2119 2441 2160 successomus
2477 2103 2693 2175 Ρετιιο,

1406 2191 1694 2262 Romu-ro,
1733 2189 1974 2250 Amano
2011 2209 2079 2250 ει·
2115 2192 2398 2258 Rouana]
2435 2235 2449 2247 .
2529 2234 2542 2246 .
2625 2235 2639 2246 .
2718 2230 2735 2249 .
2853 2190 2950 2247 241

834 2315 923 2371 De
950 2315 1122 2371 Petro
1150 2313 1552 2372 cameracensi
1580 2314 1761 2372 electo
1769 2356 2739 2374 ...........
2852 2315 2955 2374 243

834 2403 923 2460 De
951 2402 1207 2462 Roherto
1235 2403 1493 2460 Ariensi.
1582 2447 1596 2460 .
1682 2446 2738 2460 ............
2850 2403 2952 2462 244

832 2491 921 2549 De
950 2491 1167 2548 Alardo
1195 2491 1594 2549 Cameracensi
1622 2493 1890 2566 episcopo
1960 2531 2734 2549 .........
2855 2512 2947 2545 n»

834 2581 923 2636 De
950 2579 1177 2654 Rogero
1211 2623 2736 2638 .................
2849 2579 2950 2637 245

834 2703 1027 2761 TABLE
1066 2723 1164 2761 mas
1200 2721 1343 2762 Nous
1380 2723 1451 2761 nn
1488 2723 1796 2763 Pssnsomms
1863 2748 2736 2763 ..........
2849 2705 2952 2763 249

830 2828 1023 2885 Tum
1058 2844 1161 2886 nne
1197 2846 1341 2887 nous
1378 2848 1449 2885 m:
1485 2848 1649 2887 mssnx
1688 2848 1755 2887 m·
1792 2848 1863 2886 nn
1899 2848 2138 2887 Pnupnns
2155 2870 2740 2887 .......
2851 2830 2954 2887 253

830 2950 1023 3009 Tinna
1060 2970 1163 3009 nes
1200 2970 1341 3011 nto-rs
1380 2972 1449 3011 nn
1488 2972 1654 3019 misse
1690 2959 1974 3012 mmm-re.
2058 2998 2072 3012 .
2153 2999 2165 3011 .
2247 3000 2259 3011 .
2341 2993 2354 3011 0
2439 3001 2451 3011 .
2535 2999 2547 3011 .
2629 3000 2640 3011 .
2726 3000 2737 3011 .
2851 2956 2955 3013 259

1759 3455 1767 3466 ’
1832 3488 1878 3549 υ
1895 3490 2356 3556 Νινεηειτγ

1813 3632 1840 3653 ⁸
1870 3625 2012 3690 CA
2024 3588 2296 3699 ¹135va⁴

1054 4076 1363 4142 imprimerie
1392 4079 2096 4143 Dmrnnn-Gouvnnnnun,
2130 4081 2161 4129 ἡ
2191 4080 2700 4145 Negent-le-Rotrou.
