3478 5438
1012 492 1076 544 56
1972 485 2178 538 (ima

1012 625 1156 702 324
1551 622 1642 696 ad
1679 631 1870 696 tuum
1902 620 2402 718 magisterium,

1451 749 1644 813 tuam
1679 760 1974 836 querens
2010 736 2301 834 officium
2312 760 2349 822 ,-

1448 855 1573 930 secl
1607 857 1674 928 si
1709 877 1847 928 non
1884 852 2091 928 habes
2126 853 2459 939 divinum,

1449 969 1540 1044 ad
1575 992 1700 1044 nos
1734 993 1873 1044 mm
1909 992 2079 1068 aque
2114 967 2437 1043 reditum.

1011 1092 1153 1167 325
1544 1085 1750 1177 Quod
1786 1108 1953 1160 eum
1986 1083 2187 1158 audit
2220 1081 2625 1182 episeopus,

1447 1201 1787 1277 exhorret
1820 1223 1977 1275 esse
2013 1198 2319 1274 traditus

1445 1319 1787 1416 timetque
1820 1316 2005 1390 mori
2040 1315 2325 1415 penitus

1445 1457 1582 1533 pro
1617 1433 1939 1508 omnium
1972 1429 2426 1507 elamoribus.

1011 1551 1152 1626 326
1542 1549 1768 1624 Timet
1801 1556 1876 1623 et
1908 1572 2052 1623 non
2088 1545 2471 1634 immerito,

1445 1687 1611 1738 nam
1646 1664 1738 1738 de
1776 1663 1896 1739 illo
1932 1661 2381 1739 solummodo

1444 1803 1590 1855 non
1625 1788 1736 1854 est
1772 1779 1955 1854 faeta
1992 1777 2279 1853 traditio

1443 1895 1572 1970 sed
1607 1895 1981 1994 multiplex
2013 1893 2354 1969 venditio.

1007 2015 1147 2090 327
1537 2010 2110 2109 Probaveratque
2145 2008 2407 2096 omnia,

1439 2125 1732 2224 probra,
1777 2125 1937 2201 lites
1972 2134 2046 2200 et
2082 2124 2247 2200 odia

1439 2249 1513 2316 et
1547 2241 1730 2316 mala
1768 2267 2050 2341 queque
2086 2240 2305 2316 altera

1440 2365 1682 2454 preter
1715 2358 1972 2432 mortis
2009 2356 2345 2455 pericula.

1005 2475 1145 2550 328
1539 2477 1688 2548 Hoc
1724 2481 1965 2548 autem
2002 2498 2092 2547 ne
2126 2481 2295 2548 tuno
2330 2472 2534 2545 fieret

1435 2588 1751 2664 inducias
1788 2597 2119 2688 preeatus
2156 2595 2265 2664 est

1436 2703 1781 2802 querendi
1818 2703 2009 2802 quod
2048 2703 2368 2779 divinum
2402 2709 2538 2790 est,

1433 2828 1512 2894 ut
1547 2820 1664 2894 vel
1695 2821 1799 2896 sie
1834 2826 2145 2895 mortem
2178 2819 2479 2919 fugeret.

999 2937 1139 3012 329
1533 2935 1858 3009 Servavit
1892 2939 2079 3010 Deus
2111 2934 2473 3034 presulem

1433 3048 1556 3147 qui
1593 3050 1746 3124 vult
1779 3050 2017 3148 perire
2054 3050 2435 3139 neminem,

1431 3188 1596 3240 eum
1622 3164 1825 3264 juxta
1862 3165 2275 3265 petitionem

1431 3280 1882 3379 impetrasset
1917 3281 2293 3357 licentiam.

1107 3522 1234 3588 De
1269 3522 1775 3605 protectione
1810 3522 2197 3591 Galoheri
2239 3524 2347 3591 ad
2382 3523 2974 3605 imperatorem.

994 3743 1133 3814 330
1523 3746 1688 3816 Mox
1722 3742 1906 3816 infra
1941 3741 2131 3816 diem
2166 3742 2466 3817 tercium

1427 3857 1608 3957 fugit
1639 3856 1885 3957 presul
1921 3857 2012 3932 ad
2048 3857 2416 3933 dominum

1426 3981 1499 4047 et
1534 3972 1625 4048 ad
1663 3998 1873 4049 suum
1910 3972 2331 4049 advocatum

1425 4088 1933 4188 imperatorem
1968 4091 2371 4166 Hem-ioum.

992 4207 1118 4277 33⁴
1525 4208 1716 4295 Quae
1755 4206 1933 4281 faeta
1973 4215 2139 4282 sunt
2164 4208 2520 4283 renuntiat
