3478 5438
888 423 895 433 ¹
979 468 1075 520 216
1937 464 2138 524 amn

1417 574 1844 699 quicumque
1879 606 2069 673 amat
2104 598 2514 696 proximum

1420 723 1495 791 et
1528 716 1953 813 quicumque
1985 712 2153 788 facit
2185 738 2396 789 suum

1418 829 1706 906 alterius
1743 830 2276 905 detrimentum.
2389 840 2396 849 '

1220 1076 1347 1141 De
1389 1073 1862 1156 receptione
1911 1073 2244 1142 comitis
2285 1074 2509 1143 intra
2545 1077 2852 1144 urbem.

982 1308 1127 1382 298
1519 1301 1625 1378 Ob
1661 1301 1844 1377 hanc
1877 1300 2404 1377 tribulationem

1421 1417 1627 1492 valde
1639 1469 1648 1475 -
1663 1417 2178 1493 intolerabilem

1420 1541 1844 1632 receperunt
1879 1532 1950 1606 in
1988 1533 2168 1607 hanc
2201 1532 2458 1607 urbem

1420 1648 1611 1724 cives
1648 1648 2016 1723 comitem¹
2059 1654 2524 1737 montensem,
2561 1696 2568 1706 ·

983 1768 1126 1845 299
1160 1756 1169 1765 ’
1520 1768 1749 1863 Super
1783 1789 1991 1840 suum
2028 1765 2468 1863 episcopum,

1423 1904 1642 1979 super·
1678 1904 1886 1955 suum
1924 1878 2403 1967 castellanum,

1426 2023 1467 2070 a
1504 2004 1758 2071 neutro
1796 1994 2165 2069 consilium

1425 2109 1868 2207 requirentes
1905 2134 2036 2183 nec
2071 2131 2466 2197 assensum,

988 2228 1131 2299 300
1522 2232 1593 2297 et
1630 2223 1922 2297 collecta
1955 2222 2202 2297 militia

1426 2346 1639 2436 atquc
1674 2338 1876 2413 urbis
1910 2336 2308 2412 communia

1423 2453 1782 2529 vindicare
1819 2462 2125 2554 pergunt
2159 2454 2468 2551 dampna

1426 2594 1565 2667 que
1601 2572 1866 2667 Symon
1903 2569 2006 2643 eis
2041 2570 2329 2643 fecerat.

988 2687 1115 2760 304
1522 2688 1788 2785 Symon
1825 2684 2024 2775 arsit,
2069 2683 2274 2760 ardet
2303 2681 2548 2761 'comes
2589 2712 2606 2759 z

1424 2799 1687 2899 predas
1722 2801 1911 2890 facit,
1953 2801 2258 2899 predant
2291 2801 2484 2876 cives
2519 2827 2536 2875 ε

1425 2915 1734 3015 dampna
1773 2916 1907 2990 sibi
1943 2917 2290 3015 equaliter

1424 3055 1569 3106 non
1604 3032 1879 3106 minora
1915 3027 2276 3108 facientes.

988 3149 1131 3223 302
1523 3151 1816 3222 Terram
1851 3170 2052 3220 suam
2089 3146 2520 3246 populantur

1420 3269 1494 3335 et
1518 3286 1964 3362 quecumque
1995 3262 2510 3362 pretenduntur

1425 3377 1529 3451 sic
1564 3379 1803 3453 omnia
1837 3377 2324 3477 dissippantur

1424 3492 1618 3590 quod
1654 3493 1836 3568 bene
1871 3519 1948 3568 se
1984 3493 2439 3569 ulciscuntur.

988 3610 1131 3680 303
1523 3612 1667 3683 Hec
1702 3632 1836 3705 pro
1872 3608 2064 3683 bono
2101 3608 2365 3684 ducunt
2400 3607 2734 3708 dampna,

1426 3723 1620 3821 quod
1654 3723 1728 3796 in
1764 3723 2028 3798 ultione
2066 3749 2192 3798 sua

1427 3837 1788 3912 destructa
1823 3845 1932 3912 est.
1967 3837 2154 3914 bona
2187 3845 2380 3914 terra

1332 4035 1337 4041 ⁴
1424 3961 1499 4028 et
1532 3954 1794 4030 inculta
1826 3953 2188 4029 derelicta.

1062 4219 1111 4275 1.
1152 4223 1426 4276 comitem.
1460 4219 1618 4277 Dans
1647 4220 1699 4276 le
1728 4235 1837 4276 ms.
1872 4220 2163 4279 audessus
2191 4221 2262 4279 de
2291 4221 2347 4280 la
2375 4222 2550 4297 ligne.
