3478 5438
1255 501 1616 558 nmmum.
2400 505 2479 558 ¹6¹

429 643 522 714 65
668 639 834 715 hine
867 663 1206 740 magnum
1241 639 1486 716 odium
1521 639 1781 714 mereri
1818 647 2073 738 potero
2110 665 2127 715 :

765 763 1074 830 attamen
1109 764 1220 832 sat
1255 755 1524 830 diettun
1559 764 1668 831 est
1703 755 2142 854 sapientibus

666 871 887 946 vitam
921 872 1242 946 heretioi¹
1283 895 1426 946 non
1463 872 1978 972 ignorantibus.

763 988 1112 1064 Tristatur
1143 988 1384 1086 itaque
1419 987 1650 1064 clerus
1685 996 1759 1064 et
1795 989 2103 1089 populus

667 1102 860 1202 quod
897 1127 976 1178 se
1010 1111 1158 1178 tam
1193 1103 1500 1202 turpiter
1531 1111 1788 1180 uastat
1824 1104 2205 1204 episeopus
2250 1131 2269 1178 :

419 1221 518 1292 70
763 1218 1063 1294 invitum
1099 1217 1262 1294 ideo
1295 1228 1668 1295 moventes
1703 1220 2064 1318 presulem

662 1333 752 1410 ad
790 1334 1085 1412 domum
1121 1335 1554 1436 compellunt
1589 1335 1824 1411 redire
1858 1335 2253 1435 propriam.

755 1451 865 1528 Ad
899 1451 1208 1550 primam
1241 1451 1502 1527 iterum
1539 1451 1719 1526 iram
1757 1477 1971 1551 quam
2006 1453 2277 1544 habuit,

662 1593 704 1642 a
739 1565 957 1642 domo
993 1566 1238 1642 exiens
1269 1566 1562 1642 alteram
1599 1569 1859 1667 repetit
1899 1595 1916 1642 z

758 1682 850 1759 ad
889 1691 1210 1758 unctum
1245 1683 1670 1760 Autbertum
1705 1692 1877 1760 tunc
1912 1683 2311 1785 hospitatus
2344 1693 2479 1762 est.

416 1803 464 1872 ’7
468 1803 512 1872 5
661 1803 760 1874 Ne
795 1798 992 1876 illum
1029 1799 1270 1876 famuli
1305 1807 1704 1899 sequantur
1724 1800 2116 1897 prohibet.

754 1922 1120 2014 tamquam
1156 1941 1292 2014 pro
1327 1913 1652 1990 hostibus
1687 1915 1901 1990 habet
1936 1916 2394 2008 domesticae,

607 2055 839 2130 quos
873 2031 1066 2106 unde
1101 2031 1343 2106 videat
1377 2056 1520 2106 non
1556 2031 1771 2106 habet
1808 2031 2077 2108 oculos.

752 2145 1010 2222 Iecireo
1045 2145 1320 2221 laborat
1353 2146 1506 2246 ejus
1541 2146 1923 2224 erudelitas

639 2262 728 2337 in
765 2285 894 2338 sua
923 2262 1118 2337 omia
1153 2287 1244 2336 ne
1281 2262 1373 2338 sit
1407 2261 1789 2338 heredita&

409 2377 508 2451 80
753 2377 930 2452 Hine
963 2377 1166 2476 prius
1201 2377 1461 2452 invasit
1493 2377 1714 2452 curtis
1748 2378 2194 2476 prepositum
2204 2377 2261 2468 ²,

657 2491 1046 2569 defendens
1083 2517 1173 2568 ne
1209 2517 1414 2568 suum
1453 2501 1614 2593 agat
1647 2492 1986 2582 officium,

742 2607 1132 2710 juransque
1166 2634 1301 2708 per
1337 2609 1592 2689 Christi
1626 2633 1891 2708 corpus
1927 2617 1999 2684 et
2032 2608 2447 2710 sanguinem

653 2723 848 2823 quod
882 2726 1408 2824 preposituram
1443 2748 1584 2799 non
1623 2723 1895 2800 tenebit
1928 2749 2131 2799 suam
2174 2751 2193 2799 ε

747 2866 912 2915 nam
949 2840 1177 2917 eredit
1213 2840 1408 2939 quod
1445 2842 1659 2917 istum
1699 2842 1759 2915 si
1797 2839 2236 2940 deposuerit,

404 2956 501 3028 85
650 2965 924 3031 ceteros
959 2956 1210 3031 leviter
1244 2956 1784 3033 exhereditavit.

745 3070 1074 3146 Attamen
1109 3071 1184 3145 in
1219 3095 1498 3147 cassum
1522 3070 1718 3171 jurat
1750 3080 1825 3147 et
1858 3068 2161 3161 laborat,

647 3185 784 3261 sibi
819 3186 1140 3261 inimicos
1173 3196 1442 3263 temere
1473 3195 1843 3286 comparat
1877 3215 1893 3261 ε

746 3301 882 3377 hoc
917 3302 1107 3376 enim
1143 3302 1462 3379 serviens
1497 3301 1801 3402 perdere
1838 3326 1981 3377 non
2017 3300 2207 3377 valet

646 3416 1074 3494 hereditario
1109 3419 1304 3519 quod
1333 3419 1493 3519 jure
1525 3418 1873 3517 possidet.

403 3535 500 3605 90
744 3538 944 3609 Nunc
978 3535 1192 3613 habet
1227 3534 1471 3610 odi-um
1506 3534 1598 3610 de
1635 3532 2131 3623 servientibus4

645 3647 858 3725 habet
893 3659 967 3726 et
1001 3648 1093 3725 de
1129 3650 1320 3727 clero
1356 3659 1571 3751 atque
1609 3650 1698 3727 de
1736 3649 2013 3727 civibus
2057 3677 2073 3724 ε

425 3886 477 3977 1.
517 3884 602 3943 Le
625 3892 811 3944 terme
838 3886 911 3945 de
939 3890 1244 3946 haereticus
1271 3888 1415 3947 etait
1441 3888 1706 3963 employe
1733 3888 1770 3945 a
1794 3894 1943 3947 eette
1971 3887 2191 3961 epoqus
2218 3885 2365 3945 dans
2390 3900 2475 3943 un

349 3989 488 4032 sens
517 3974 628 4033 fort
651 3974 826 4049 large.
867 3976 920 4035 ΙΙ
947 3976 1164 4035 semble
1195 3977 1471 4051 signifier,
1503 3994 1728 4035 comme
1766 3976 1823 4033 le
1856 3984 2041 4035 terme
2076 3981 2351 4047 apostata,
2388 3989 2473 4032 un

349 4061 586 4165 homme
611 4064 890 4139 coupable
917 4064 990 4123 ds
1015 4067 1432 4139 prevarication
1460 4072 1656 4125 contre
1684 4065 1771 4123 les
1798 4063 1907 4123 lois
1938 4063 2163 4122 divinos
2188 4079 2267 4121 ou
2292 4060 2473 4121 eecle-

349 4151 718 4315 slaiugdffip.
751 4244 1154 4312 Introduction,
1185 4260 1348 4302 num.
1383 4244 1470 4302 3⁰.
2184 4332 2245 4387 Η
