3478 5438
484 754 577 824 83

488 1212 581 1287 84

485 1678 577 1748 85

487 2489 579 2558 86

487 2952 579 3022 87

488 3412 579 3481 88

512 3809 561 3864 1.
603 3806 975 3865 θ’θει-ἐι-ᾱὶτθ
1001 3812 1238 3878 n'ayant
1259 3824 1365 3880 pas
1392 3822 1583 3865 encore
1610 3824 1742 3877 rapu
1771 3814 1846 3865 les
1873 3809 2064 3864 ordros
2090 3814 2293 3865 sacres.

1354 503 1630 554 mcum.

874 643 1021 710 tam
1056 662 1098 708 a
1129 635 1369 710 Remis
1402 659 1619 733 quam
1655 663 1698 710 a
1734 640 1960 713 Roma
2039 701 2042 706 .

967 758 1050 825 ut
1083 775 1202 826 res
1238 750 1784 828 aecclesiasticas

869 866 1221 966 gubernet
1250 875 1325 942 et
1358 869 1734 966 provideat

872 989 945 1056 et
980 980 1239 1077 quibus
1272 983 1444 1057 velit
1478 983 1744 1059 tribuat

871 1097 1277 1195 prebendas
1310 1105 1383 1170 et
1417 1097 1687 1172 altaria.

973 1211 1397 1288 Conceditur
1431 1237 1607 1287 vero
1642 1212 1739 1287 illi

872 1327 1054 1402 infra
1089 1326 1377 1402 ordines
1408 1326 1756 1402 manenti¹

878 1442 1147 1518 clerum
1182 1442 1577 1541 subjectum
1612 1443 1765 1518 fieri

870 1581 1219 1633 consensu
1256 1557 1649 1656 apostolici.

970 1678 1119 1748 Hoc
1148 1679 1381 1748 totum
1416 1682 1527 1748 est
1562 1673 2038 1772 compositum

872 1788 1258 1887 datumque
1294 1797 1569 1890 spectat
1602 1789 1985 1875 terminum

873 1930 1017 2004 quo
1052 1905 1369 2004 pontifex
1405 1907 1858 1982 Remensium

872 2020 1227 2096 ordinabit
1263 2021 1665 2096 diaconum.

965 2266 1088 2333 Dc
1134 2265 1763 2334 consecratione
1809 2266 2015 2348 ejus.

971 2483 1304 2584 Ejusdem
1338 2485 1503 2558 anni
1540 2494 1866 2584 tempore

872 2599 964 2674 ab
1000 2601 1159 2697 ipso
1192 2598 1670 2698 archipresule

875 2715 1140 2792 ditatur
1173 2715 1557 2791 honorifice

875 2832 1285 2909 diaconatus
1320 2831 1593 2907 ordine.

973 2952 1144 3023 Post
1172 2948 1347 3023 haec
1378 2947 1451 3021 in
1485 2948 1601 3024 die
1638 2948 1860 3024 sabati

872 3072 1037 3139 ante
1072 3064 1299 3138 natale
1334 3064 1655 3138 Domini²

872 3186 1257 3277 provectus
1292 3185 1403 3251 est
1438 3179 1860 3254 sanctissimi

875 3294 965 3369 ad
1003 3292 1283 3369 culmen
1320 3293 1721 3368 sacerdotii.

972 3412 1123 3499 Qua
1158 3432 1333 3481 vero
1369 3416 1691 3483 cantatur
1725 3407 1842 3483 die

874 3522 1203 3599 Memento
1241 3527 1487 3613 nostri,
1530 3524 1848 3599 Domine-³
1910 3512 1917 3517 ’

2460 506 2547 558 185

506 3895 563 3952 2.
602 3896 684 3953 La
710 3895 823 3953 sete
850 3894 923 3953 dc
940 3896 1086 3954 Noel
1115 3897 1359 3954 tomhait
1386 3904 1535 3955 cette
1564 3900 1750 3955 annee
1782 3898 1919 3955 1136
1945 3914 2030 3955 un
2057 3896 2352 3971 vendi-edi,
2375 3906 2433 3954 et
2453 3914 2554 3971 par

434 3982 791 4059 consequent
818 3983 873 4043 lc
901 3984 1119 4044 samedi
1150 3986 1457 4060 precedent
1482 3985 1697 4060 repond
1728 3988 1762 4045 ὲ,
1791 3985 1848 4045 la
1873 3986 2006 4045 date
2033 3986 2111 4043 du
2143 3986 2210 4044 19
2229 3986 2546 4045 decembre.

510 4074 565 4132 3.
588 4072 817 4131 Ancien
832 4074 1033 4132 introit
1044 4074 1121 4132 du
1139 4076 1457 4149 quatricmc
1472 4075 1780 4135 dimanchc
1794 4077 1866 4133 dc
1880 4076 2134 4135 l'Avcnt.
2151 4076 2231 4134 Co
2247 4075 2553 4134 dimanche
2607 4106 2612 4113 ¹

437 4160 681 4221 tomhait
706 4178 778 4219 cn
819 4162 957 4220 1136
986 4178 1060 4221 au
1087 4164 1157 4221 20
1188 4164 1506 4223 decembre.
1546 4164 1639 4223 On
1676 4172 1878 4223 trouve
1905 4164 2049 4224 dans
2086 4165 2141 4222 le
2177 4172 2330 4223 texte
2361 4163 2566 4239 publi&

438 4249 513 4307 de
532 4250 805 4309 Lambert
821 4250 893 4308 dc
910 4252 1227 4325 WatreloS,
1248 4270 1394 4327 pour
1412 4252 1466 4310 la
1485 4252 1615 4311 date
1630 4252 1701 4311 de
1724 4252 1782 4311 la
1800 4253 2190 4313 consecration
2210 4251 2282 4311 de
2300 4250 2551 4324 Nicolas,
