3478 5438
1299 489 1664 541 mnml.
2444 493 2535 548 167

713 621 1060 696 sustinent
1093 629 1166 697 et
1201 621 1573 698 donant-ei
1607 623 1976 700 eonsilium

422 737 567 818 220
713 745 1050 838 rogantes
1083 738 1314 812 facere
1349 763 1560 814 suum
1595 740 1911 816 officium
1950 768 1965 814 :

811 877 1054 952 quem,
1093 853 1277 929 sicut
1311 855 1460 930 dixi
1495 855 1568 929 in
1603 856 1841 954 primo
1876 857 2280 946 dictamine,

712 970 954 1069 presul
982 969 1347 1068 juraverat
1381 995 1680 1070 prorsus
1717 971 2102 1072 deponere.

811 1085 1056 1161 Infelix
1093 1085 1415 1184 pontifex
1450 1087 1745 1162 infestus
1780 1089 2112 1164 omnibus

715 1226 880 1276 ecce
915 1202 1276 1278 invaditur
1308 1202 1404 1276 de
1435 1204 1675 1278 multis
1711 1204 2037 1302 partibus
2077 1233 2095 1279 t

424 1319 567 1398 225
814 1327 1060 1418 aperte
1090 1319 1400 1422 fatentur
1431 1319 1629 1395 illum
1665 1321 1909 1396 hostes
1944 1321 2089 1396 sui¹

717 1457 860 1510 non
895 1457 1200 1534 regnare
1235 1435 1382 1523 diu,
1423 1435 1487 1510 si
1518 1445 1759 1534 potest
1792 1436 1975 1511 fieri.

430 1697 844 1782 Quomodo
889 1695 1389 1766 Llethardus
1437 1697 1876 1779 episcopus
1922 1697 2036 1766 sit
2088 1698 2540 1780 depositus.

818 1939 1122 2040 Contigit
1159 1937 1355 2039 quod
1389 1941 1630 2016 Remis
1665 1936 1796 2014 ivit
1830 1941 2327 2031 commonitus,

720 2064 792 2131 et
824 2064 992 2155 post
1026 2080 1190 2131 eum
1227 2055 1464 2156 pergit
1499 2055 1613 2130 ille
1649 2053 2059 2156 prepositus
2241 2141 2251 2150 ,

819 2196 1060 2247 secum
1096 2169 1429 2268 adhibitis
1466 2171 1894 2271 quibusdam
1928 2171 2201 2247 clericis

427 2293 570 2368 230
723 2287 842 2386 qui
881 2285 1248 2362 diffamant
1278 2312 1442 2362 eum
1478 2285 1568 2361 de
1605 2288 1813 2386 culpa
1849 2287 2117 2363 heresis
2131 2289 2187 2377 ²,

815 2413 888 2477 et
923 2402 1014 2479 de
1051 2401 1580 2501 prebendarum
1615 2401 2142 2478 venditionibus

723 2527 798 2596 et
832 2519 1326 2594 aecclesiarum
1363 2519 1734 2593 sacrationi
1742 2519 1901 2608 buS‚

821 2635 912 2709 de
943 2635 1202 2735 quibus
1240 2633 1463 2735 exigit
1497 2641 1743 2735 aperte
1781 2659 2079 2710 munera

723 2760 798 2827 et
833 2752 1282 2825 denominata
1319 2750 1556 2849 querit
1591 2751 1905 2826 servitia.

431 2871 576 2946 235
823 2870 1169 2941 Accusant
1203 2866 1415 2941 etiam
1452 2866 1543 2939 de
1575 2867 1714 2941 hoc
1752 2866 2198 2966 episcopum,

725 3008 816 3057 ex
852 2982 1146 3056 avaritia
1183 2980 1445 3079 ubique
1482 2982 1870 3083 cognitum,

825 3098 1020 3197 quod
1057 3099 1327 3173 nullum
1359 3098 1613 3197 recipit
1646 3098 1738 3172 ad
1774 3096 2235 3197 penitentiam

726 3212 817 3291 de
853 3240 998 3312 quo
1034 3223 1462 3311 extorquere
1498 3214 1726 3312 possit
1760 3207 2187 3313 pecuniam(

824 3334 924 3404 De
959 3338 1160 3403 tanto
1198 3329 1445 3429 exlege
1484 3328 1668 3403 facto
1706 3328 2043 3426 episcopo

433 3446 582 3524 240
733 3444 976 3520 dicunt
1009 3470 1222 3521 omne
1259 3443 1525 3520 malum
1562 3442 2120 3541 archiepiscopo,

831 3559 1031 3635 obliti
1069 3561 1159 3635 ad
1197 3558 1479 3669 plenam
1516 3558 1704 3634 ferre
1739 3559 2159 3633 memoriam

729 3684 957 3751 totam
990 3677 1176 3751 vitae
1213 3702 1379 3751 suae
1418 3685 1660 3749 notam
1694 3674 2061 3750 malitiam.

830 3791 938 3866 Ad
968 3816 1180 3889 quem
1211 3787 1739 3890 deponendum,
1769 3790 1827 3863 si
1855 3789 2019 3888 plus
2045 3814 2185 3863 non
2215 3787 2559 3876 dicerent,

513 4068 564 4124 1.
607 4065 696 4123 En
725 4066 902 4124 1134:
936 4082 1033 4125 car
1059 4082 1124 4123 ce
1153 4065 1241 4123 snt
1269 4082 1342 4123 en
1368 4064 1594 4140 janvior
1623 4064 1783 4138 1135,
1815 4076 2043 4123 comme
2071 4080 2219 4123 nous
2244 4062 2301 4121 le
2330 4078 2565 4121 verrons

443 4155 577 4231 plus
605 4154 706 4212 has
737 4158 808 4223 (v.
843 4156 986 4225 335),
1020 4172 1133 4229 que
1159 4154 1394 4213 Lietard
1425 4154 1617 4229 quitta
1643 4152 1929 4213 cambrai.

513 4244 568 4301 2.
611 4244 810 4318 Comp.
843 4243 974 4317 plus
999 4243 1144 4302 haut
1171 4260 1225 4301 v.
1258 4244 1348 4301 67.
