3478 5438
980 466 1075 517 212
1929 460 2136 513 Gne-m

1420 593 1814 695 ingemiseit
1849 600 1922 667 et
1955 591 2220 692 cogitat

1418 707 1593 807 quid
1627 707 1858 807 magis
1893 705 2093 804 sequi
2129 703 2411 781 debeat.

980 827 1124 903 268
1515 822 1588 896 Si
1622 820 1818 897 enim
1853 820 2270 895 satisfeeexit

1420 936 1655 1036 nepoti
1696 960 1826 1011 suo
1863 936 2156 1036 Symoni

1418 1060 1491 1127 et
1526 1050 1693 1127 hine
1726 1051 1920 1126 cives
1953 1050 2358 1137 offenderit,

1414 1167 1733 1242 infideles
1769 1167 1904 1241 sibi
1941 1166 2154 1265 parit.

980 1286 1125 1363 269
1514 1288 1602 1359 Et
1638 1284 1698 1358 si
1732 1283 1888 1382 ipse
1923 1282 2294 1357 consilium

1417 1406 1491 1474 et
1523 1398 1703 1472 velle
1742 1398 1906 1473 facit
1939 1398 2228 1487 civium,

1417 1512 1734 1600 offendit,
1775 1514 2090 1610 inquam,
2132 1513 2509 1589 Dominum
2543 1564 2550 1572 -

1417 1627 1513 1702 ob
1548 1626 1719 1701 fidei
1751 1626 2226 1703 mendacium.

981 1746 1125 1823 270
1517 1748 2016 1820 Verumtamen
2053 1742 2295 1841 presul
2329 1742 2488 1840 ipae

1416 1867 1750 1933 neutrum
1783 1858 2028 1933 valens
2061 1858 2289 1933 faeere

1416 1975 1565 2050 sine
1600 1975 1840 2049 verbis
1875 1976 2342 2074 calumpniae,

1420 2090 1571 2166 sine
1606 2092 1812 2190 culpa
1845 2090 2270 2177 discordiae,

982 2209 1112 2287 271
1518 2207 1874 2283 estimavit
1907 2207 2136 2307 majus
2171 2206 2440 2283 bonum

1418 2323 1717 2398 sufferre
1755 2323 1982 2399 minas
2017 2322 2278 2397 civium

1417 2463 1632 2537 quam
1668 2462 1962 2539 peceare
1999 2438 2072 2511 in
2107 2438 2488 2513 Dominum

1419 2562 1716 2652 propter
1751 2552 1918 2627 fidei
1953 2562 2506 2654 transgressum.

982 2671 1128 2750 272
1516 2669 1693 2746 Hinc
1728 2669 2271 2746 Sanctobertum
2303 2668 2552 2745 tribuit
2581 2721 2586 2726 -

1419 2785 1659 2886 nepoti
1696 2811 1828 2861 suo
1866 2787 2154 2885 Symoni

1420 2925 1629 2976 eausa
1666 2901 2058 2976 servandae
2092 2900 2260 2976 fidei

1412 3017 1616 3117 jussu
1653 3016 2185 3116 archiepiscopi.

981 3128 1126 3206 273
1516 3131 1639 3206 His
1674 3131 1914 3206 relatis
1949 3129 2360 3206 rumoribus

1419 3244 1512 3322 ad
1543 3246 1878 3322 comitem
1915 3247 2006 3322 de
2041 3246 2420 3332 Montibus,

1418 3361 1770 3436 festinavit
1803 3362 2116 3438 velocius

1420 3501 1585 3556 cum
1619 3478 2282 3557 Valeneeniensibus

984 3589 1133 3669 274
1519 3600 1832 3666 castrum
1867 3591 2035 3666 illud
2073 3616 2418 3692 occupare

1419 3716 1493 3782 et
1526 3707 1806 3782 circiter
1839 3707 2198 3799 obsidere,

982 3945 1397 4006 certainoment
1412 3963 1483 4007 en
1504 3947 1697 4022 placer
1714 3963 1829 4006 une
1847 3947 2030 4020 partie
2049 3947 2194 4005 dans
2211 3945 2434 4006 l’annee
2451 3945 2808 4021 precedente,
2823 3945 3089 4021 ptusque,

982 4051 1055 4092 au
1086 4036 1446 4110 temoignage
1475 4036 1551 4092 du
1581 4040 1772 4094 memo
1800 4036 2100 4109 Lamban,
2142 4035 2198 4093 la
2223 4035 2581 4110 catastrophe
2606 4035 2706 4110 qui
2733 4035 2840 4092 mit
2867 4035 2950 4092 fin
2975 4051 3088 4092 aux

982 4122 1145 4197 longs
1172 4123 1424 4182 demelee
1458 4133 1618 4182 entre
1647 4125 1905 4200 l’eveque
1935 4132 1994 4182 et
2019 4141 2124 4183 son
2151 4125 2359 4199 peuple
2385 4127 2644 4183 racontee
2679 4125 2787 4197 ici,
2818 4125 3008 4183 arriva
3035 4125 3088 4181 le

984 4214 1049 4270 17
1071 4214 1293 4287 janvior
1324 4214 1459 4273 1138
1492 4217 1694 4288 (comp.
1726 4215 1858 4289 plus
1885 4215 1986 4274 has
2017 4213 2072 4272 la
2099 4221 2234 4273 note
2261 4215 2297 4272 a
2325 4214 2380 4270 la
2407 4221 2506 4272 stt.
2541 4215 2685 4284 411).
