3478 5438
1315 478 1655 533 GAmHmI.
2481 487 2537 538 ¹3

865 611 990 688 sed
1025 621 1316 688 ventum
1353 623 1464 689 est
1491 614 1583 689 ad
1617 614 1957 715 gladium,

861 727 954 804 ad
987 729 1248 828 predas
1281 738 1355 805 et
1389 729 1817 806 incendium.

473 846 566 916 68
959 849 1322 921 Frustrato
1359 844 1550 920 enim
1578 851 1892 921 Manasse

862 984 1083 1057 penas
1119 961 1354 1035 ferunt
1387 960 1765 1035 aecclesiae

863 1074 1292 1172 quicumque
1325 1082 1629 1172 possunt
1660 1075 1969 1149 maxime

862 1197 1010 1264 tam
1044 1190 1269 1265 verbo
1305 1215 1522 1289 quam
1555 1197 1628 1265 et
1661 1215 1909 1290 opere.

477 1305 568 1376 69
959 1309 1136 1380 Nam
1167 1312 1411 1381 tenent
1447 1306 1845 1397 solidarios,

861 1427 1106 1495 tenent
1141 1421 1450 1496 latrones
1479 1421 1837 1510 horridos,

860 1535 1382 1636 depopulantur
1415 1537 1734 1626 clericos,

859 1660 1148 1751 captant
1182 1653 1374 1727 cives
1409 1661 1482 1726 et
1515 1653 1847 1728 rusticos.

471 1769 564 1839 70
958 1773 1248 1844 Vastant
1279 1768 1481 1843 villas
1516 1777 1592 1843 et
1626 1769 1903 1866 predia,

863 1881 1052 1958 bona
1085 1891 1511 1960 consumunt
1542 1885 1805 1974 omnia,

864 1997 938 2071 in
971 1998 1103 2073 hac
1138 1998 1400 2098 ubique
1432 2000 1661 2099 patria

863 2113 986 2188 vix
1019 2122 1338 2190 remanet
1371 2115 1705 2216 agricola.

424 2351 798 2434 Qualiter
823 2352 1406 2420 Atrebatensis
1435 2353 1857 2422 aecclesia.
1877 2370 1934 2421 a.
1960 2355 2539 2424 cameracensi

511 2459 628 2526 sit
680 2458 957 2527 divisa.
1016 2460 1101 2527 et
1165 2463 1267 2528 de
1322 2461 1762 2529 Lamberto
1824 2462 2091 2544 primo
2165 2463 2537 2546 ejusdem

513 2564 884 2632 civitatis
929 2565 1343 2649 episcopo.

471 2780 556 2851 7⁴
963 2777 1204 2877 Surgit
1236 2776 1308 2849 in
1347 2802 1432 2850 eo
1467 2784 1795 2875 tempore

859 2900 1218 2967 crescente
1252 2893 1322 2966 vi
1362 2891 1757 2967 discordiae

499 3059 564 3112 ,ὦ
859 3006 1022 3082 huic
1057 3007 1264 3081 matri
1304 3007 1681 3082 aecclesiae

859 3121 1124 3196 malum
1154 3122 1644 3197 inestimabile.

463 3239 562 3314 72
949 3243 1100 3313 Hoc
1133 3238 1324 3312 enim
1357 3238 1545 3311 inter
1567 3237 1885 3338 jurgium

749 3402 752 3405 -
847 3354 1034 3451 apud
1072 3354 1326 3429 urbem
1362 3352 1809 3428 Attrebatum

859 3478 1149 3545 sumunt
1185 3494 1436 3544 omnes
1468 3469 1837 3544 consilium

862 3584 1163 3686 eligendi
1201 3586 1618 3684 episcopum
1633 3594 1653 3635 ¹
1671 3642 1688 3659 .

421 3858 574 3917 C‘est
599 3858 990 3918 evidemment
1014 3876 1130 3917 une
1157 3859 1388 3935 disputo
1415 3834 1691 3933 violente,
1735 3868 1795 3919 et
1830 3876 1933 3934 pas
1969 3860 2047 3917 du
2084 3866 2211 3917 tout
2238 3860 2533 3934 poetique,

421 3946 520 4021 qui
547 3954 638 4004 est
665 3950 936 4022 mai-queo
963 3963 1068 4021 par
1092 3964 1158 4005 ce
1187 3954 1391 4021 terme,
1415 3965 1524 4022 que
1545 3962 1694 4005 nous
1719 3954 1995 4006 trouvons
2024 3946 2289 4021 employe
2315 3964 2399 4004 un
2428 3963 2539 4021 peu
2682 3948 2701 3965 '

423 4036 554 4110 plus
581 4036 684 4093 bas
711 4038 787 4109 (p.
822 4035 949 4107 512,
979 4036 1018 4093 1.
1052 4036 1136 4109 51)
1170 4036 1314 4094 dans
1341 4035 1396 4094 le
1425 4040 1616 4095 meme
1645 4053 1799 4094 sens.

495 4124 546 4180 1.
586 4122 896 4181 L’histoIre
923 4122 1000 4180 du
1027 4123 1489 4183 retablissement
1517 4124 1593 4180 du
1623 4124 1783 4196 siege
1811 4123 2099 4197 episcopal
2118 4123 2355 4181 d'Arras
2374 4123 2539 4196 apres

426 4210 482 4269 la
505 4221 660 4270 mort
684 4212 754 4270 de
776 4212 993 4269 Get-ard
1014 4211 1095 4284 11,
1127 4230 1265 4271 avec
1291 4212 1376 4271 les
1405 4212 1593 4286 pieces
1622 4212 1919 4271 officielles
1946 4214 2045 4286 qui
2076 4212 2161 4287 s'y
2186 4217 2536 4285 rapportent,
