3478 5438
1165 463 1374 516 cusu
1417 462 1803 516 amictuum.
1834 465 1897 514 11.
2492 465 2577 518 143

765 599 878 674 vel
915 619 1052 698 ego
1087 597 1386 686 morior,
1429 622 1570 672 non
1606 597 1743 671 erit
1776 597 2029 696 aliquis

759 714 882 813 qui
917 721 1118 792 curet
1151 713 1444 788 forsitan
1479 713 1751 788 referre
1784 713 2035 789 litteris

759 855 942 928 quae
976 837 1176 930 gesta
1207 829 1498 906 fuerunt
1527 827 1973 928 temporibus
2008 830 2206 906 suis.-

569 949 612 1016 6
857 946 1024 1021 Ideo
1059 945 1321 1035 refero,
1365 945 1492 1020 sed
1525 951 1760 1019 tamen
1796 945 2101 1044 pavidus

763 1061 1146 1161 plasmatus
1179 1062 1540 1160 quomodo
1573 1061 1788 1136 fuerit
1818 1062 2220 1162 episcopua,

761 1177 1020 1275 quibus
1055 1177 1378 1277 ingeniis,
1421 1176 1678 1275 quibus
1715 1177 2101 1261 laboribus,

760 1298 1102 1391 operante
1135 1301 1373 1367 tamen
1408 1297 1554 1366 Deo
1589 1292 1662 1366 in
1695 1293 2053 1368 omnibus.

565 1411 610 1479 7
856 1409 1182 1483 Divinum
1217 1409 1432 1509 igitur
1466 1431 1723 1507 precor
1759 1408 2095 1484 auxilium

757 1526 1118 1622 sanctique
1155 1524 1458 1623 Spiritus
1493 1533 1817 1600 sanctum
1852 1524 2223 1600 consilium

760 1647 840 1713 ut
874 1639 1143 1738 possim
1179 1665 1310 1739 per
1343 1663 1596 1714 verum
1631 1639 1736 1714 ire
1773 1641 2148 1740 vestigium

759 1778 800 1826 a
835 1754 1058 1830 verbo
1091 1755 1314 1853 priori
1351 1779 1574 1853 usque
1609 1756 1700 1830 ad
1735 1755 2085 1831 ultimum.

527 2008 754 2090 Quod
799 2009 1032 2077 cives
1078 2009 1569 2082 Galcherum
1613 2027 2016 2080 revocare
2060 2011 2517 2080 voluerunt.

568 2217 610 2284 8
857 2213 1150 2303 Quando
1183 2214 1554 2289 defunctus
1588 2223 1701 2290 est
1734 2215 1888 2290 Odo
1923 2215 2327 2315 episcopus,

759 2327 1011 2403 doctor
1043 2330 1463 2430 magnificus
1497 2330 1588 2406 de
1621 2339 1897 2430 septem
1932 2331 2237 2407 artibus¹
2250 2389 2268 2420 ,

757 2445 1366 2520 Cameracensium
1399 2446 1731 2520 convenit
1768 2446 2073 2546 populus

760 2569 840 2634 ut
873 2561 1113 2659 presul
1149 2570 1316 2661 post
1347 2587 1512 2638 eum
1550 2571 1855 2662 ponawr
1888 2563 2091 2637 alius.

567 2679 612 2749 9
857 2677 1274 2754 Galcherum
1308 2679 1431 2777 qui
1465 2687 1626 2753 ante
1660 2701 1829 2754 eum
1864 2679 2418 2779 pontificaverat,

760 2816 974 2889 quem
1008 2820 1192 2894 papa
1226 2793 1550 2870 Urbanus
1577 2794 1726 2894 jam
1762 2795 2217 2896 deposuerat,

760 2909 882 3005 qui
916 2908 1462 2985 illum-odonem
1498 2918 1666 2985 tunc
1699 2911 2214 3010 supervixerat,

760 3032 1088 3100 assensus
1118 3028 1434 3101 omnium
1471 3027 1542 3101 in
1575 3034 1857 3125 patrem
1890 3035 2201 3101 revocat.

519 3143 611 3213 ⁴0
856 3140 1226 3217 Reducunt
1261 3142 1527 3240 pariter
1561 3134 1698 3216 ho'c
1734 3142 1825 3216 ad
1862 3142 2277 3217 memoriam

759 3256 953 3354 quod
989 3256 1218 3331 donec
1250 3257 1480 3332 tenuit
1511 3257 1717 3333 istam
1754 3257 2191 3357 provinciam

759 3380 1026 3445 terram
1061 3371 1357 3447 viriliter
1393 3373 1689 3447 rexit‘et
1723 3374 2051 3473 patriam,

761 3495 1154 3562 castrorum
1189 3488 1509 3563 omnium
1543 3488 1875 3589 frangens
1912 3487 2341 3588 superbiam.

521 3603 598 3673 Μ
857 3602 1160 3677 Henrico
1193 3603 1315 3702 qui
1353 3604 1471 3678 illo
1507 3606 1850 3704 regnabat
1884 3614 2208 3704 tempore

759 3716 1256 3808 archidiaconi,
1297 3720 1537 3809 casati,
1579 3720 1851 3795 litterae

759 3833 976 3908 totius
1009 3836 1528 3911 Cameracensis
1564 3836 1938 3911 aecclesiae

762 3949 1224 4025 Gualcberum
1261 3960 1622 4050 pastorem
1656 3951 1923 4027 vadunt
1957 3960 2306 4049 repetere.

540 4206 588 4260 1.
631 4206 828 4280 Gomp.
861 4206 992 4279 plus
1021 4205 1164 4264 haut
1189 4208 1327 4265 Gest.
1361 4206 1631 4273 (folcheri,
1666 4214 1767 4263 str.
1803 4207 1889 4263 91.
