3478 5438
1007 461 1027 514 1
1039 460 1096 513 16
1958 461 2168 514 nasu

1001 621 1048 670 a
1106 596 1246 672 Deo
1309 599 1793 672 denuntiamus
1848 607 2281 694 vestramque
2336 595 2763 672 dileetimiem
2826 597 3109 670 dulciter

999 737 1488 789 commonemus
1525 723 1604 786 nt
1641 715 1718 786 in
1764 711 2001 787 diebus
2034 713 2287 786 vestris
2323 710 2607 786 Domino
2642 715 3020 787 serviente-s
3052 725 3111 786 et

995 829 1371 905 catholicae
1407 830 1782 907 aecclesiae
1814 839 2071 903 statum
2096 830 2541 918 sustinentes,
2570 851 2815 903 sacras
2848 841 3111 904 saneto-

995 969 1152 1020 rum
1176 956 1459 1044 patrum
1495 948 1877 1045 sequamini
1912 945 2347 1020 traditiones.
2390 944 2531 1020 Nos
2562 969 2723 1019 vero
2750 968 2941 1019 more
2958 969 3112 1042 pre-

995 1061 1424 1138 decessorum
1459 1073 1847 1137 nostrorum
1880 1062 2069 1137 vobis
2092 1065 2271 1159 jura
2302 1071 2539 1136 vestra
2570 1061 2857 1159 benique
2886 1061 3113 1135 reddi—

991 1201 1146 1252 mus
1189 1188 1588 1276 vestrasque
1639 1181 2006 1253 canonicas
2052 1177 2575 1252 consuetudines
2610 1177 2825 1275 plane
2886 1199 3113 1250 conee-

993 1293 1221 1368 dimus
1277 1303 1346 1368 et
1399 1294 1528 1368 sub
1578 1293 2011 1368 anathemate
2068 1295 2577 1391 confirmamus.
2644 1291 3112 1366 Promittimus

992 1410 1200 1483 etiam
1227 1409 1692 1507 paternaliter
1725 1433 1846 1485 vos
1882 1419 2187 1486 tractare
2226 1419 2297 1484 et
2336 1433 2573 1484 amare
2614 1431 2862 1507 resque
2904 1408 3111 1483 ecele-

989 1528 1314 1601 sia-stione
1328 1583 1347 1615 ,
1388 1536 1598 1624 prout
1634 1525 1821 1601 Dens
1864 1526 2223 1602 donaverit
2237 1583 2258 1615 ‚
2308 1525 2597 1600 libenter
2642 1535 3105 1622 anqrnentare.

991 1641 1204 1742 Cujus
1266 1641 1758 1741 promissionis
1821 1640 2115 1717 donaria
2174 1664 2313 1740 pro
2376 1637 2770 1714 ordinanda
2838 1638 3111 1714 ratione

989 1757 1274 1832 decrevi
1331 1758 1775 1833 manifestare
1822 1757 1897 1832 in
1950 1766 2273 1833 extremo
2326 1754 2705 1832 dictamine
2758 1753 3111 1853 presentis

991 1872 1346 1972 hystoriae
1389 1901 1406 1948 ε
1457 1874 1702 1973 presul
1750 1881 1987 1949 autem
2032 1871 2125 1948 ad
2161 1871 2357 1971 quod
2392 1870 2755 1948 interdum
2790 1871 3111 1946 laborare

991 1988 1264 2079 nititur,
1307 1999 1726 2065 conservato
1763 1987 2015 2065 ordine
2052 2015 2216 2065 ecce
2253 1987 2886 2065 demonstrabitur.

1085 2110 1168 2175 4·
1224 2111 1498 2181 Intrans
1541 2107 1734 2182 enim
1780 2105 2181 2205 pontificale
2226 2105 2573 2204 palacium
2588 2163 2609 2190 ,
2664 2104 2755 2181 de
2800 2104 3108 2204 propriis

989 2221 1556 2320 possessionibus
1593 2222 1695 2296 sic
1729 2221 2002 2296 invenit
2038 2245 2343 2296 vacnum
2378 2219 2571 2318 quod
2608 2244 2775 2296 cum
2808 2219 3102 2306 cler-icis,

989 2359 1154 2410 cum
1207 2336 1547 2412 militibus
1562 2395 1581 2426 ,
1623 2361 1790 2412 cum
1834 2336 2117 2412 famulis
2164 2337 2261 2411 ita
2316 2337 2561 2410 vivere
2606 2360 2748 2409 non
2798 2344 3102 2434 poterat,

987 2451 1170 2528 sicut
1188 2453 1350 2552 jure
1377 2461 1452 2529 et
1481 2453 1991 2530 consuetudine
2016 2453 2609 2552 predecessorum
2634 2451 2879 2526 vivere
2904 2450 3110 2527 deoc-

988 2567 1111 2642 bat
1127 2568 1568 2669 episcopum.
1587 2574 1783 2658 Jura,
1811 2569 2069 2644 domus
2082 2577 2157 2646 et
2178 2569 2665 2668 possessiones
2688 2591 2829 2666 que
2848 2567 3019 2656 sint,
3040 2575 3109 2641 et

987 2683 1349 2783 quomodo
1386 2684 1624 2761 omnia
1659 2685 1999 2761 collocata
2034 2685 2419 2761 consistant
2434 2744 2453 2775 ,
2494 2684 2737 2785 presul
2772 2683 3107 2760 sollicitus

985 2799 1387 2901 investigat,
1415 2802 1578 2899 quia
1604 2801 1945 2877 distracta
1958 2811 2033 2878 et
2046 2803 2367 2901 dispersa
2386 2801 2777 2877 reformare
2798 2810 2876 2875 et
2884 2800 3107 2876 recol-

983 2917 1202 3017 ligere
1229 2918 1302 2991 in
1331 2930 1460 2994 s'ua
1485 2919 1876 2994 sacratione
1898 2918 2351 3019 promiserat.
2382 2918 2501 2994 Sui
2520 2942 2827 3016 namque
2854 2918 3107 3017 prede·

985 3056 1309 3109 cessores
1333 3033 1676 3133 episcopi,
1699 3034 1817 3109 alii
1842 3060 1973 3133 per
1999 3035 2383 3123 levitatem,
2412 3035 2526 3109 alii
2545 3060 2677 3133 per
2696 3033 3099 3121 amicitiam,

983 3148 1098 3223 alii
1120 3174 1253 3249 per
1275 3150 1793 3239 necessitatem,
1820 3151 1953 3225 hec
1976 3160 2051 3225 et
2076 3151 2192 3225 illa
2228 3150 2691 3240 donaverant,
2717 3149 2851 3224 hec
2886 3160 2963 3224 et
2996 3149 3105 3223 illa

984 3263 1473 3353 vendiderant,
1498 3272 1571 3337 et
1581 3263 1923 3362 pleraque
1938 3265 2071 3339 alia
2084 3266 2157 3339 in
2175 3266 2657 3341 vadimonium
2670 3273 3060 3363 posuerant
3084 3290 3099 3337 ε

985 3378 1186 3453 villas
1208 3378 1512 3469 scilicet„
1526 3378 2101 3472 dominicaturas,
2136 3381 2375 3471 silvas,
2414 3406 2633 3480 aquas
2661 3380 3097 3478 piscatoriaS,

984 3502 1214 3569 terras
1250 3496 1549 3571 arabiles
1566 3552 1584 3584 ,
1627 3504 2040 3594 ceterasque
2075 3496 2561 3596 possessiones
2578 3553 2596 3585 ,
2639 3520 2814 3592 quas
2850 3494 3103 3595 injuste

983 3620 1500 3708 occupaverant
1535 3612 1753 3685 casati
1790 3614 2331 3689 cameracenses
2378 3620 2453 3687 et
2488 3611 2781 3710 quidam
2816 3608 3097 3685 milites.

983 3727 1314 3801 Ceterum
1364 3726 1695 3825 quicquid
1746 3720 2125 3827 episcopus
2168 3728 2262 3805 ad
2306 3751 2627 3801 mensam
2672 3750 2877 3799 suam
2916 3724 3103 3825 juste

984 3840 1408 3940 pertinuisse
1445 3841 1712 3933 didicit,
1754 3843 2132 3919 auxiliante
2159 3849 2305 3919 Deo
2332 3868 2425 3918 ex
2450 3840 2693 3917 curiali
2711 3839 2981 3939 judicio
3014 3836 3101 3912 ad

981 3980 1060 4033 se
1095 3956 1394 4031 retraxit
1429 3967 1502 4032 et
1534 3960 1783 4036 tenuit.
1827 3959 2225 4036 Molendina
2260 3983 2434 4033 vero
2472 3967 2683 4057 atque
2709 3956 3091 4042 teloneum,

983 4096 1166 4169 quae
1201 4072 1432 4171 posita
1467 4072 1745 4150 fuerant
1778 4076 1852 4151 in
1879 4075 2389 4163 vadimonium,
2431 4073 2683 4149 videns
2718 4069 2915 4170 quod
2953 4070 3095 4145 sine

982 4188 1420 4263 redemtione
1456 4215 1598 4264 non
1626 4191 1891 4266 valeret
1918 4191 2288 4280 rehabere,
2332 4187 2812 4290 prestantibus
2846 4209 3095 4286 argen-
