3478 5438
959 469 1050 524 170

957 839 1099 910 305

956 1413 1098 1485 340

957 1989 1097 2061 345

958 2567 1097 2644 320
1199 2641 1202 2654 .

955 3145 1098 3222 325

956 3725 1097 3795 330

1918 461 2127 514 GRSTA

1344 601 1566 675 immo
1601 623 1679 673 se
1715 617 2163 696 nequaquam
2198 595 2479 672 audisse
2515 606 2845 674 asserunt
2877 627 2894 672 z

1248 716 1436 793 unde
1470 716 1651 790 iram
1685 713 1847 801 Dei,'
1880 735 2119 810 spero,
2162 710 2602 788 deserviunt.

1344 837 1520 906 Nam
1553 827 1879 926 quamvis
1913 851 2133 927 super
2168 851 2246 901 se
2281 825 2589 902 habeant
2622 825 2991 904 dominum

1246 969 1583 1045 nequam,
1627 942 2116 1030 inhumanum,
2158 941 2545 1033 crudelem,
2588 945 3001 1042 pessimum,

1341 1069 1580 1136 tamen
1617 1058 2025 1132 oonservari
2058 1056 2276 1132 debet
2310 1057 2611 1134 fidelitas

1245 1200 1460 1276 quam
1495 1173 1631 1250 sibi
1665 1172 2019 1273 promittit
2054 1173 2393 1272 cujusque
2430 1173 2718 1250 vetitas.

1203 1321 1208 1326 “
1342 1295 1670 1366 Fortasse
1705 1297 2009 1388 propter
2038 1287 2223 1363 hane
2256 1288 2369 1362 vel
2404 1289 2685 1388 eulpam
2722 1288 2929 1364 aliam

1247 1409 1433 1485 inter
1469 1410 1929 1482 cameracum
1964 1403 2345 1503 villamque
2380 1409 2797 1502 Hasperam,

1341 1521 1466 1598 ubi
1503 1547 1668 1611 cum
1701 1521 1961 1596 timore
1998 1545 2259 1621 magno
2294 1530 2773 1619 pervenerant

1245 1645 1318 1714 et
1353 1664 1496 1738 quo
1531 1638 1833 1713 tutiores
1866 1661 2025 1712 esse
2061 1644 2513 1735 putaverant,

1341 1753 1597 1828 accidit
1631 1752 1825 1851 quod
1862 1777 1989 1826 eos
2024 1752 2219 1827 misit
2254 1751 2328 1825 in
2362 1775 2723 1828 carcerem

1244 1870 1606 1971 predictus
1643 1868 2027 1958 Gerardus‚
2069 1869 2192 1967 qui
2228 1869 2325 1944 ob
2361 1870 2731 1968 pecuniam

1247 2009 1636 2084 numquam
1671 1985 1791 2059 uui
1826 1984 2047 2060 fidem
2082 1985 2397 2084 portavit
2432 1983 2784 2061 stabilem.

1342 2101 1450 2176 Ab
1486 2101 1624 2176 illis
1657 2101 1921 2176 etenim
1958 2101 2080 2198 qui
2116 2109 2322 2174 erant
2356 2100 2615 2176 divites

1243 2215 1544 2292 extorsit
1577 2215 1827 2316 viginti
1862 2235 2139 2290 mareas
2172 2215 2533 2305 undecies,

1343 2331 1442 2406 ita
1476 2330 1669 2432 quod
1706 2339 2009 2430 propter
2042 2332 2179 2405 hoe
2214 2355 2345 2406 nee
2380 2329 2895 2428 querimoniam

1247 2473 1378 2524 nec
1411 2447 1624 2522 ullam
1659 2446 1914 2522 sentiet
1949 2445 2419 2521 inimicitiam¹
2433 2501 2449 2520 .

1345 2567 1558 2638 Istam
1593 2563 2022 2661 captionem,
2066 2561 2201 2636 hoc
2234 2560 2577 2636 damnum
2610 2561 2873 2637 iterum

1243 2678 1620 2778 imponunt
1653 2678 1917 2777 captivi
1952 2701 2173 2776 super
2204 2676 2648 2776 episcopum.

1343 2798 1674 2871 Ceterum
1708 2803 1879 2894 post
1912 2793 2069 2869 illos
2104 2817 2438 2869 reversus
2474 2794 2797 2894 pontifex

1243 2909 1669 2985 monstravit
1701 2908 2067 3008 quomodo
2101 2908 2541 3008 abjudicatus
2574 2918 2691 2985 est

1341 3026 1433 3102 de
1464 3026 1917 3125 prepositura
1952 3025 2173 3101 out-tis
2207 3025 2617 3124 prepositus

1241 3140 1379 3242 pei·
1412 3150 1680 3217 cartam
1717 3141 1985 3217 cesaris
2018 3141 2669 3217 cameracensibus.

1339 3264 1500 3336 Mox
1535 3258 1694 3333 illos
1731 3258 1853 3358 qui
1890 3258 2084 3333 cives
2118 3266 2460 3357 ceperant

1244 3383 1318 3451 et
1351 3373 1793 3474 capientibus
1828 3398 2196 3449 assensum
2234 3372 2604 3462 dederant,

1340 3516 1432 3565 ex
1467 3490 1931 3566 anathematis
1968 3490 2211 3587 ligavit
2243 3488 2551 3577 vinculo,

1244 3605 1484 3682 divina
1517 3606 1883 3695 celebrans
1918 3606 2034 3681 die
2071 3604 2453 3681 dominioo.

1342 3721 1604 3797 Dehine
1637 3720 2001 3796 maledixit
2036 3720 2160 3820 qui
2195 3718 2649 3819 privilegium

1246 3838 1520 3915 Cesaris
1550 3836 1837 3936 infregit
1865 3846 2167 3935 propter
2201 3834 2677 3935 prepositum.

1027 4032 1079 4087 1.
1117 4034 1202 4087 ita
1227 4034 1372 4102 quod
1389 4061 1461 4074 —
1478 4035 1866 4097 inimicitiam,
1894 4030 2263 4090 'eost-adire
2282 4046 2357 4088 en
2380 4028 2505 4090 leur
2524 4030 2737 4088 faisant
2762 4035 3055 4104 promettre

951 4118 1120 4193 qu'ils
1160 4136 1234 4177 no
1274 4119 1330 4177 le
1371 4119 1833 4194 poursuivraient
1866 4122 2105 4195 jamnis,
2151 4120 2265 4180 soit
2304 4138 2376 4179 en
2412 4121 2655 4195 justice,
2698 4119 2816 4177 soit
2850 4134 2949 4192 par
2979 4118 3053 4175 les

953 4224 1164 4281 armoe,
1193 4224 1268 4267 au
1295 4210 1446 4283 sujet
1472 4208 1544 4267 de
1571 4217 1720 4268 cette
1746 4209 2007 4269 amende.
