3478 5438
413 755 556 825 567

413 1216 554 1287 568

413 1681 555 1750 569

414 2141 556 2214 570

413 2603 544 2674 57⁴

411 3064 560 3142 572

415 3524 509 3594 57
515 3524 558 3594 3

487 3978 540 4035 1.
577 3976 644 4038 Si
681 3984 808 4037 tout
849 3995 916 4037 ce
955 3980 1096 4039 tecit
1136 3986 1225 4039 est
1268 3980 1413 4054 wei,
1444 4012 1510 4023 —
1541 3996 1638 4038 car
1675 3980 1754 4039 ici
1799 3995 2003 4038 encore
2049 3994 2166 4039 une
2210 3978 2321 4038 fois
2366 3984 2531 4037 notre

414 4072 624 4125 auteur
648 4068 852 4126 n'ecrit
877 4085 1013 4126 sans
1041 4068 1212 4128 doute
1240 4085 1351 4145 que
1377 4069 1602 4143 d'apres
1641 4086 1706 4129 ce
1744 4068 1885 4144 qu'il
1918 4085 1954 4126 a
1988 4066 2242 4127 entendu
2272 4074 2532 4126 reconter

413 4170 520 4229 par
545 4154 831 4231 Gaucher,
859 4188 922 4199 --
955 4156 1000 4215 il
1027 4157 1150 4216 faut
1175 4158 1298 4216 dire
1325 4175 1436 4233 que
1473 4156 1527 4216 le
1565 4174 1709 4234 pape
1746 4174 1821 4216 ne
1858 4174 1921 4216 se
1960 4163 2190 4215 montra
2223 4172 2327 4231 pas
2364 4170 2530 4215 avare

419 4258 624 4303 envers
651 4244 887 4305 celui-ci
913 4244 1080 4307 d’eau
1105 4246 1298 4307 benite
1325 4246 1398 4307 de
1426 4264 1584 4322 cour,
1612 4248 1763 4307 mais
1790 4262 1902 4322 qne
1930 4262 1995 4305 ce
2023 4244 2113 4304 fut
2142 4250 2287 4304 tout.

847 639 924 708 et
955 631 1266 708 latrones
1299 631 1837 732 dampnaverat,

951 773 1202 825 omnes
1235 749 1528 846 quidem
1561 757 1809 823 contra
1844 747 2039 822 illum

851 865 1040 966 ligati
1075 889 1210 963 per
1245 864 1640 964 conjurium

851 981 1284 1057 abstulerant
1318 980 1757 1080 presulatum

849 1097 988 1172 sibi
1021 1096 1654 1174 cameracensium.

945 1215 1037 1288 Et
1068 1213 1206 1288 hoc
1239 1237 1462 1314 grave
1495 1209 1632 1286 sibi
1667 1217 1823 1288 erat

851 1329 1046 1427 quod
1083 1353 1422 1428 umquam
1457 1328 1942 1428 presulaverat
1980 1353 1997 1399 ε

850 1469 1018 1519 nam
1050 1444 1354 1544 proinde
1387 1442 1801 1544 perdiderat

851 1559 1188 1658 quicquid
1222 1566 1388 1635 ante
1421 1566 1773 1634 tenuerat.

947 1674 1238 1750 Miratur
1270 1674 1700 1773 apostolicus

852 1789 945 1866 de
981 1789 1300 1867 Galcheri
1337 1789 1699 1866 laboribus
1739 1815 1759 1860 :

852 1905 1046 1982 dolet
1081 1905 1275 2004 quod
1311 1906 1426 1980 vir
1457 1913 1607 1980 tam
1643 1904 1959 2004 optimus

850 2020 983 2097 fuit
1015 2045 1358 2120 umquam
1393 2020 1763 2120 depositus
1779 2021 1833 2094 ¹.

949 2137 1080 2228 Qui
1115 2137 1452 2234 quoniam
1485 2160 1626 2212 non
1666 2134 1900 2234 potuit

851 2251 1026 2328 dum
1059 2253 1303 2351 presul
1339 2251 1494 2329 0d0
1525 2251 1753 2352 viguit

851 2367 1222 2443 occasione
1255 2367 1407 2444 utili

850 2483 1228 2582 episcopus
1262 2483 1562 2574 restitui,

949 2599 1298 2675 concessit
1327 2624 1516 2697 papa
1549 2597 1761 2674 aliam

852 2715 989 2793 sibi
1023 2715 1582 2792 misericordiam

849 2838 1151 2931 propter
1185 2829 1338 2931 ejus
1371 2828 1807 2931 recognitam

847 2947 1286 3047 paupertatis
1321 2946 1704 3023 miseriam.

947 3060 1209 3137 Reddit
1242 3061 1339 3135 illi
1375 3059 1759 3149 custodiae,

850 3176 1157 3252 honores
1192 3183 1266 3251 et
1299 3176 1668 3251 canonicas

850 3299 925 3367 et
957 3288 1298 3389 quicquid
1332 3290 1406 3365 in
1445 3288 1739 3365 ecclesia

851 3405 1170 3482 nondum
1205 3406 1446 3503 presul
1483 3404 1855 3481 habuerat.

949 3524 1042 3596 Ut
1075 3528 1311 3596 ratum
1347 3519 1440 3594 sit
1475 3519 1669 3617 quod
1703 3517 2019 3595 reddidit

849 3642 1117 3713 cartam
1152 3662 1340 3737 papa
1375 3636 1779 3735 composuit

849 3761 924 3827 et
958 3752 1190 3853 sigillo
1224 3751 1592 3827 roboravit
