3478 5438
1323 439 1661 494 umml.
2485 449 2540 502 ³1

790 652 795 660 ,
876 573 1211 650 obediant
1241 575 1587 652 benevolo

440 690 581 761 470
970 696 1051 764 ut
1085 715 1177 764 ex
1210 689 1402 766 fideli
1434 691 1665 791 gratia

872 813 945 879 et
977 815 1224 904 pastor
1258 815 1331 883 et
1366 831 1546 908 grex
1580 807 1812 884 valeat

871 919 964 994 ad
1000 923 1310 1020 pastoris
1346 923 1557 998 ovilia

870 1038 1246 1135 pervenire
1276 1047 1647 1137 perpetua.

436 1151 565 1224 474
970 1151 1295 1230 Urbanus
1326 1154 1758 1253 apostolicus

868 1273 943 1341 et
975 1270 1361 1344 Remorum
1394 1269 1777 1368 episcopus

865 1382 1102 1459 missis
1137 1383 1604 1484 legationibus

434 1496 526 1566 47
529 1495 578 1570 2
965 1507 1258 1574 monent
1290 1499 1679 1574 Robertum
1714 1501 2082 1576 comitem¹

864 1621 947 1688 ut
979 1613 1289 1690 dimittat
1324 1615 1661 1690 malitiam

863 1752 1080 1826 quam
1116 1753 1337 1828 super
1369 1732 1948 1805 cameracensem

864 1842 1225 1944 irrogabat
1260 1844 1626 1920 ecclesiam

431 1957 571 2027 473
962 1957 1170 2056 eique
1204 1983 1457 2058 pacem
1490 1959 1835 2049 conferat,

862 2072 1081 2146 immo
1110 2082 1477 2171 pastorem
1508 2074 1757 2174 diligat

862 2187 1232 2264 Galcerum
1268 2199 1340 2264 et
1374 2191 1750 2281 custodiat,

856 2302 1158 2378 honoret
1190 2311 1265 2378 et
1297 2305 1669 2380 sustineat.

426 2415 567 2490 474
958 2419 1160 2508 Quod
1196 2419 1257 2494 si
1290 2429 1677 2520 utrumque
1707 2420 1938 2496 facere

856 2533 1289 2635 indignatur,
1330 2535 1659 2612 facillime

860 2649 1345 2751 indignantem
1381 2661 1760 2750 percutere

858 2766 1171 2841 minatur
1204 2767 1673 2843 anathemate.

426 2884 567 2954 475
954 2884 1207 2959 Comes
1241 2892 1479 2959 autem
1516 2884 1932 2985 magnificus

858 2997 1218 3095 adquievit
1253 2998 1563 3075 fallacius

859 3114 1118 3189 horum
1152 3112 1647 3191 dilectionibus

855 3237 928 3304 et
959 3230 1320 3329 preceptis
1356 3238 1429 3305 et
1462 3230 1826 3330 precibus.

421 3346 565 3417 476
953 3350 1147 3433 Tunc
1181 3346 1373 3419 enim
1404 3346 1501 3422 ob
1537 3348 1667 3423 bec
1702 3346 1976 3423 monita

586 3477 597 3491 ⁰
854 3462 1157 3535 cessavit
1188 3487 1230 3535 a
1265 3462 1555 3549 malitia,

858 3576 982 3651 sed
1018 3600 1161 3650 non
1196 3601 1328 3675 per
1361 3578 1572 3677 longa
1606 3584 1931 3675 tempora

853 3692 1243 3789 permansit
1278 3692 1450 3767 haec
1486 3692 1890 3769 concordia.

486 3981 539 4037 1.
582 3978 743 4038 Dans
768 3979 823 4039 le
849 3997 962 4040 ms.
992 3998 1057 4041 ce
1085 3960 1214 4040 vers
1240 3990 1301 4041 ct
1329 3982 1383 4040 le
1401 3982 1711 4057 precedant
1728 3998 1792 4041 so
1813 3989 2081 4041 trouvent
2099 3982 2246 4041 dans
2263 3998 2346 4039 un
2367 3982 2535 4041 ordre

412 4067 643 4127 inverse
672 4076 919 4137 (monent
947 4072 1241 4129 Rubor-tum
1270 4076 1523 4129 comitem
1550 4075 1735 4129 missis
1764 4074 2172 4143 levationibus),
2213 4071 2364 4129 mais
2391 4086 2532 4129 avec

412 4172 497 4215 un
526 4157 689 4232 signe
716 4158 816 4232 qui
844 4158 1083 4233 indique
1110 4159 1169 4217 la
1194 4160 1627 4235 transposition.
