3478 5438
963 475 996 527 2
1916 479 2124 531 Gnsn

1400 609 1670 685 eisdem
1707 611 1842 687 sub
1878 611 2323 711 temporibus

1399 725 1673 801 clericis
1709 727 2277 803 discordantibus

1061 846 1105 914 5
1497 842 1750 917 cecidit
1784 843 1959 919 haec
1994 842 2331 919 aecclesia

1399 966 1474 1033 ct
1507 958 1738 1033 omnis
1774 956 1928 1058 ejus
1963 958 2189 1059 gloria

1394 1098 1534 1173 pro
1565 1073 1851 1151 illorum
1886 1074 2180 1164 insania,

1393 1213 1531 1287 pro
1565 1190 1687 1265 lite
1722 1197 1797 1265 ct
1832 1189 2211 1265 discordia.

1055 1308 1101 1377 6
1491 1310 1668 1381 Nam
1701 1315 1783 1381 ut
1816 1314 2029 1407 agant
2060 1306 2153 1382 ad
2186 1305 2467 1381 lihitum

1393 1420 1640 1495 nolunt
1673 1420 1939 1495 habere
1971 1420 2368 1509 dominum,

1393 1560 1559 1611 cum
1593 1545 1759 1634 post
1792 1536 2187 1612 Gerar-dum
2222 1544 2585 1611 mortuum

1389 1652 1516 1725 vix
1550 1652 1813 1751 eligant
1842 1651 2287 1751 episcopum.

1049 1772 1097 1841 ’1
1493 1766 1565 1843 Si
1599 1767 1762 1842 hinc
1796 1792 2052 1843 accuso
2086 1768 2404 1859 clericos,

1390 1906 1534 1957 non
1568 1883 1731 1958 hinc
1767 1908 2029 1959 excuso
2064 1882 2306 1973 laicos,

1387 2022 1552 2074 cum
1585 2023 1874 2074 cernam
1910 2008 1991 2074 ut
2024 1998 2461 2074 scismaticos

1388 2140 1639 2190 omnes
1675 2140 1833 2191 esse
1868 2116 2291 2190 contrarios.

1047 2232 1092 2303 8
1485 2230 1688 2322 Quod
1723 2231 1915 2305 enim
1948 2232 2123 2307 haec
2154 2230 2447 2307 ecclesia

1383 2356 1492 2421 tot
1527 2346 1793 2446 patitur
1826 2346 2061 2435 exilia,

1384 2462 1579 2562 quod
1615 2470 1727 2537 est
1760 2462 2005 2538 ruinae
2040 2461 2281 2537 dedita

1383 2586 1456 2654 et
1489 2579 1561 2652 in
1598 2578 1847 2654 dolore
1881 2578 2139 2677 posita,

1043 2696 1088 2766 9
1480 2693 1617 2769 hoc
1648 2702 1760 2770 cst
1794 2694 2059 2769 factum
2091 2719 2132 2769 a
2166 2692 2441 2771 clericis

1383 2817 1457 2885 et
1490 2810 1844 2885 universis
1879 2810 2102 2898 laicis,

1381 2951 1426 3000 a
1459 2925 1769 3001 dominis
1800 2933 1874 3000 et
1907 2925 2237 3016 servulis,

1379 3066 1424 3115 a
1456 3042 1847 3142 grandibus
1880 3051 1956 3116 et
1989 3042 2325 3116 minimis,

993 3157 1087 3228 10
1479 3157 1619 3233 Sed
1653 3183 1746 3232 ex
1781 3159 2033 3258 majori
2067 3158 2329 3234 merito

1377 3270 1540 3346 hinc
1575 3272 1870 3347 clericos
1904 3274 2285 3374 redarguo,

1379 3405 1686 3488 quorum
1721 3389 1938 3465 debet
1974 3389 2268 3465 consilio

939 3607 1256 3680 provincial
1283 3605 1354 3666 de
1373 3607 1576 3667 Reims
1603 3627 1678 3668 en
1705 3627 1863 3669 mars
1892 3611 2051 3681 1093,
2082 3627 2159 3668 on
2189 3610 2257 3667 lit
2285 3625 2397 3684 que
2416 3608 2637 3666 Germ-d
2654 3607 2715 3666 11
2742 3615 2976 3667 mourut
3002 3609 3055 3666 lo

940 3697 1002 3752 11
1043 3701 1180 3754 aoflt
1217 3697 1356 3755 1092
1395 3699 1556 3772 (aest.
1595 3702 1807 3768 Lamb„
1852 3718 1910 3774 p.
1952 3701 2096 3773 740).
2141 3699 2226 3756 La
2264 3701 2457 3755 meme
2500 3697 2631 3755 date
2668 3698 2745 3755 du
2780 3699 2931 3755 mois
2968 3705 3057 3756 est

937 3782 1206 3860 indiquce
1234 3785 1380 3844 dans
1408 3787 1463 3845 le
1491 3789 1793 3862 micrologo
1822 3789 1894 3847 de
1922 3787 2183 3862 l’abbayo
2211 3787 2284 3844 ds
2316 3786 2497 3860 Fsmy
2528 3785 2695 3859 (Mon.
2727 3787 2909 3844 Germ.
2944 3787 3047 3844 SS.

935 3880 978 3931 t.
1003 3873 1137 3942 VII,
1169 3893 1224 3949 p.
1260 3877 1385 3947 544,
1415 3885 1536 3934 not.
1571 3878 1680 3950 42).
1711 3878 1795 3935 Lo
1824 3877 2124 3950 noerologe
2153 3875 2447 3934 d'Anchin
2474 3883 2533 3934 ot
2561 3892 2709 3933 ccux
2736 3873 2808 3932 de
2836 3875 3055 3948 Pdglise

931 3961 1394 4036 metropolitains
1421 3964 1493 4023 de
1520 3966 1919 4024 Notre-Damc
1946 3973 2004 4022 et
2032 3966 2101 4022 de
2128 3964 2349 4039 l'cglise
2373 3965 2450 4022 du
2478 3963 2955 4039 saint-scpulcra
2982 3965 3054 4022 de

933 4049 1196 4108 Cambrai
1235 4060 1543 4127 mai-quent
1583 4052 1636 4110 lo
1679 4054 1747 4112 12
1791 4059 1929 4112 cont
1973 4055 2154 4127 (nna,
2200 4071 2255 4128 p.
2291 4053 2423 4125 500,
2454 4059 2573 4110 not.
2609 4053 2697 4128 19,
2736 4061 2797 4110 ot
2823 4070 2878 4126 p.
2912 4053 3048 4124 544,

931 4145 1051 4195 not.
1083 4139 1201 4212 42);
1243 4141 1302 4199 la
1325 4141 1434 4198 Vis
1471 4142 1544 4200 ds
1573 4141 1793 4200 Gorard
1829 4143 1916 4216 11,
1962 4142 2139 4202 scrita
2173 4159 2276 4216 par
2310 4160 2393 4200 un
2429 4141 2581 4200 clerc
2616 4143 2687 4199 do
2722 4139 2940 4214 l’cgliso
2974 4141 3049 4198 do

928 4225 1214 4300 cambrai,
1243 4231 1674 4304 contemporain
1701 4231 1776 4290 do
1802 4231 2077 4307 l'cvoquc,
2110 4231 2165 4290 [a
2192 4231 2255 4289 31
2282 4231 2475 4305 juillet
2504 4233 2687 4302 obici„
2721 4247 2779 4304 p.
2812 4229 2960 4303 500).
