3478 5438
961 493 1052 550 106
1904 480 2113 536 omn

1345 615 1683 696 videntes
1715 613 1935 715 igitur
1968 610 2161 688 nullo
2196 611 2479 712 ingenio

1244 735 1381 812 hoc
1416 756 1629 833 posse
1662 729 1821 804 fieri
1850 727 2005 802 sine
2038 727 2407 858 episcopo,

1344 851 1418 923 in
1436 848 1622 925 dolo
1655 870 1793 946 pro
1830 844 2101 920 cunctis
2136 843 2261 942 qui
2294 851 2923 942 compeccaverant

958 973 1098 1044 195
1247 963 1467 1040 libras
1501 960 2013 1062 quinquaginta
2047 958 2183 1035 sibi
2217 958 2647 1034 revadiant:

1343 1087 1419 1156 et
1452 1102 1622 1153 vere
1653 1078 1726 1150 in
1763 1075 1992 1150 dolo:
2036 1097 2205 1150 nam
2238 1097 2605 1174 nunquam
2635 1074 2881 1154 habuit

1247 1205 1328 1273 ut
1361 1194 1498 1272 sibi
1524 1194 1799 1294 juratas
1833 1190 2099 1266 habere
2134 1191 2409 1266 debuit.

1344 1315 1486 1387 Has
1519 1310 1738 1384 libras
1772 1313 2038 1384 statuto
2072 1307 2379 1406 prebere
2409 1306 2719 1382 termino

1237 1426 1506 1530 juravit
1541 1450 1618 1500 se
1653 1431 1951 1524 quartus
1986 1447 2229 1498 comes
2261 1422 2353 1498 de
2388 1421 2681 1498 Haino¹.

953 1549 1101 1625 200
1346 1548 1572 1634 Quem
1606 1540 1850 1640 presul
1884 1539 2218 1628 absolvit,
2260 1537 2683 1627 Gerar-dum,
2720 1538 3013 1616 Gilium²

1247 1667 1324 1736 et
1357 1655 1883 1734 multitudinem
1918 1654 2248 1745 militum,
2290 1653 2613 1754 peditum
2656 1683 2673 1728 ε

1343 1773 1578 1850 taliter
1611 1779 1693 1846 ut
1727 1769 1935 1846 miles
1966 1769 2089 1844 det
2123 1769 2437 1868 quinque
2472 1767 2739 1844 solidos

1247 1897 1322 1965 et
1355 1887 1578 1987 pedes
1613 1886 1865 1986 viginti
1901 1887 2119 1960 donet
2156 1885 2486 1961 denarios

1347 2004 1439 2081 ad
1475 2002 1988 2078 restituendam
2019 2002 2336 2077 funditus
2372 2003 2683 2078 dimum

957 2125 1102 2200 205
1250 2119 1434 2196 beati
1473 2119 1797 2196 Andreae
1832 2125 2061 2192 totam
2093 2118 2489 2194 ecclesiam.

1347 2235 1636 2312 Modum
1662 2234 2004 2335 jussionis
2038 2241 2115 2308 et
2150 2233 2599 2332 penitentiae,

1252 2377 1470 2451 quem
1504 2351 1638 2426 illis
1672 2350 1977 2451 injunxit
2009 2350 2251 2448 presul
2288 2375 2425 2450 pro
2460 2349 2782 2440 crimine,

1347 2466 1664 2542 scribere
1699 2465 1918 2556 nolui,
1960 2467 2128 2564 quia
2163 2466 2693 2564 contempnitur

1251 2581 1589 2684 quicquid
1625 2609 1668 2658 a
1701 2582 1985 2681 presule
2020 2581 2153 2658 illis
2188 2581 2606 2680 precipitur.

959 2704 1104 2783 210
1349 2705 1669 2798 Namque
1705 2697 2021 2773 universi
2056 2722 2188 2773 nec
2220 2697 2681 2796 penitentiam

1251 2824 1472 2917 agunt
1503 2841 1636 2890 nec
1667 2814 2097 2912 promissam
2131 2813 2401 2890 donant
2434 2812 2831 2912 pecuniam.

1349 2931 1458 3006 Fit
1493 2930 1825 3030 perjurus
1858 2954 2103 3005 comes
2136 2930 2389 3027 suique
2422 2930 2828 3029 complices,

1255 3048 1419 3146 quia
1453 3046 1785 3121 denarios
1818 3070 1963 3119 non
1998 3046 2215 3121 habet
2248 3044 2571 3143 pontifex
2604 3073 2621 3119 ε

1351 3188 1559 3239 suum
1595 3162 2041 3237 mendacium
2078 3168 2294 3259 atque
2328 3161 2719 3261 perjurium

960 3284 1106 3360 215
1252 3282 1542 3355 vertunt
1575 3281 1648 3355 in
1685 3278 1933 3353 odium
1965 3302 2183 3376 super
2214 3278 2656 3378 episcopum.

1349 3401 1452 3471 De
1488 3394 1634 3469 suis
1670 3395 1887 3469 etiam
1922 3394 2123 3469 iratis
2158 3393 2434 3469 civibus

1252 3510 1736 3586 infidelitatem
1772 3509 2023 3585 suffert
2058 3510 2463 3609 episcopus·

1349 3628 1612 3703 Suffert
1645 3626 1840 3725 quod
1874 3633 2123 3700 contra
2158 3650 2239 3699 se
2274 3626 2495 3701 curtis
2529 3624 2971 3725 prepositum

1033 3884 1084 3940 1.
1124 3882 1430 3941 Βαυᾱοιιίιι
1459 3882 1566 3957 IV,
1608 3890 1797 3943 comte
1826 3882 1899 3942 de
1926 3880 2359 3957 Hainaut,·21ui
2396 3884 2554 3943 avait
2586 3882 2749 3957 preth
2790 3898 3017 3941 occours
3040 3880 3071 3937 ὲ

959 3970 1177 4029 Gerard
1206 3971 1350 4029 dans
1379 3970 1650 4047 l’attaque
1675 3972 1757 4030 du
1785 3972 1998 4031 Gateau
2000 3972 2357 4031 -Gambresis
2385 3974 2551 4039 (σὴνο
2489 3990 2614 4031 ron
2646 3974 2707 4043 S.
2735 3974 2937 4039 Andr„
2966 3970 3066 4041 111,

959 4060 1068 4207 392
1072 4058 1317 4209 ,1)ῦὸῙὸΙέ
1340 4148 1411 4207 de
1440 4149 1618 4223 Chin,
1655 4150 1799 4209 dont
1834 4151 1879 4209 il
1920 4168 2049 4209 sera
2082 4150 2242 4225 ραι-16
2278 4151 2409 4223 plus
2446 4149 2825 4224 longuement
2848 4149 2990 4207 dans
3014 4146 3068 4204 la

963 4238 1074 4297 Vie
1103 4236 1174 4297 de
1201 4236 1432 4297 Nicolas
1461 4248 1671 4313 (comp.
1701 4240 1843 4300 Gen.
1874 4242 2110 4308 Nimiae,
2146 4246 2248 4297 atr.
2282 4240 2429 4305 ¹24).
