3478 5438
1286 465 1657 520 mmmm.
2439 471 2522 525 171

739 604 753 610 “
798 605 945 678 Hec
976 601 1193 678 missa
1225 602 1532 701 presulis
1568 602 1697 678 fuit
1732 603 2116 679 novissima

702 741 919 816 quam
952 718 1027 792 in
1060 719 1413 794 Gameraci
1452 728 1689 795 cantat
1723 717 2057 795 aecclesia
2101 747 2116 794 :

799 835 964 932 quia
1000 833 1377 908 transierat
1406 834 1553 933 jam
1584 834 1998 933 Epiphania,

411 953 556 1026 335
704 973 846 1048 qua
878 949 1099 1049 linqui
1136 959 1436 1026 voverat
1469 949 1921 1048 pontificalia.

799 1067 860 1141 A
894 1065 1135 1140 Remis
1168 1063 1334 1140 ideo
1366 1065 1639 1140 litterae
1672 1065 1971 1140 veniunt
2011 1091 2028 1138 z

703 1181 1138 1258 inobedienti
1176 1205 1353 1256 vero
1387 1180 1793 1280 precipiunt

802 1305 883 1372 ut
916 1323 959 1372 a
992 1299 1373 1374 cameraco
1409 1297 1612 1372 citius
1647 1306 1856 1372 exeat

706 1436 839 1487 nec
872 1413 971 1488 ibi
1004 1413 1305 1511 amplius
1342 1413 1613 1488 morari
1646 1413 1928 1488 audeat.

410 1525 555 1603 340
803 1529 1149 1604 Confusus
1178 1529 1395 1629 igitur
1428 1529 1651 1604 exivit
1686 1528 1916 1616 ilico¹,

704 1643 967 1744 ubique
1003 1668 1447 1743 conquerens
1482 1646 1637 1720 sine
1663 1644 1933 1745 judicio

802 1785 881 1836 se
915 1761 1331 1860 exposuisse
1366 1761 1457 1834 de
1494 1760 1860 1860 episcopio

706 1875 797 1950 ab
830 1885 1239 1952 accusatore
1276 1900 1421 1951 non
1453 1877 1723 1951 victum
1759 1876 2020 1976 aliquo.
2147 1945 2155 1954 .

803 1995 996 2067 Tunc
1027 1993 1472 2068 Innocentius
1508 2016 1695 2091 papa
1730 1997 2214 2068 Romanorum

415 2105 560 2182 345
710 2106 1093 2184 celebravit
1130 2108 1305 2184 Pisis
1328 2104 1679 2209 'magnum
1712 2109 2113 2199 concilium,

806 2249 952 2323 quo
986 2224 1118 2300 fuit
1150 2225 1518 2300 Remensis
1553 2224 2129 2324 archiepiscopus

708 2363 873 2414 cum
908 2341 1371 2440 suffraganeis
1404 2341 1549 2416 suis
1584 2341 1988 2439 presulibus
2023 2367 2040 2415 ε
2099 2399 2106 2405 .

806 2445 1045 2555 ibique
1080 2456 1391 2531 ostendit
1426 2456 1699 2530 eisdem
1730 2454 2032 2530 testibus

706 2571 1071 2670 quomodo
1106 2571 1519 2646 Liethardus
1554 2581 1710 2646 erat
1745 2571 2137 2669 depositus.

416 2692 560 2764 350
806 2687 1332 2787 Depositionem
1369 2687 1605 2786 itaque
1643 2685 2000 2791 cognitam

709 2802 1107 2878 constituit²
1143 2827 1331 2901 papa
1366 2826 1521 2877 esse
1557 2802 2048 2901 perpetuam3,

490 2997 541 3055 1.
581 2994 855 3055 Lambert
881 2996 953 3055 de
982 2996 1279 3055 Watrelos
1308 3005 1571 3071 rapporte
1594 2997 1647 3054 le
1676 2996 1874 3071 depart
1901 2998 1974 3054 de
1991 2994 2233 3055 'Lietard
2259 2995 2292 3053 a
2314 2993 2540 3052 l’annce

417 3084 556 3143 1135
584 3101 657 3143 en
688 3102 784 3143 ces
813 3096 1027 3145 termes
1058 3105 1072 3141 ε
1106 3089 1353 3143 Domnus
1383 3086 1648 3143 Letardus
1677 3091 1954 3157 episcopus
1980 3104 2017 3143 a
2044 3087 2317 3143 Rainaldo
2343 3086 2538 3141 archi-

414 3176 655 3245 episcopo
686 3180 763 3231 est
798 3189 1112 3245 suspensus.
1156 3176 1282 3231 Post
1318 3176 1678 3245 epiphaniam
1718 3176 1888 3242 abiit,·
1935 3189 2290 3244 nequaquam
2329 3173 2403 3227 ad
2440 3186 2538 3227 nos

408 3267 596 3334 postea
624 3264 793 3319 rediit
822 3262 1071 3337 (Lamb.,
1097 3280 1154 3337 p.
1177 3263 1322 3337 514).
1368 3262 1703 3336 Gependant
1738 3279 1809 3321 ce
1845 3269 2002 3323 texte
2029 3278 2104 3319 ne
2130 3276 2280 3319 nous
2317 3260 2403 3317 dit
2436 3276 2539 3334 pas

414 3350 757 3409 clairement
795 3351 839 3408 si
873 3368 939 3411 ce
966 3352 1055 3409 fut.
1081 3368 1157 3411 en
1192 3352 1330 3411 1135
1364 3368 1439 3409 ou
1476 3370 1549 3409 en
1588 3352 1723 3409 1136
1755 3369 1871 3427 que
1901 3352 2130 3411 Lietard
2165 3349 2442 3423 s’eloigna
2467 3350 2542 3409 de

416 3440 711 3512 Cambrai3
756 3442 905 3499 mais
943 3458 1007 3500 ce
1047 3443 1148 3517 qui
1185 3449 1277 3500 est
1309 3441 1396 3497 dit
1430 3458 1534 3515 par
1570 3449 1735 3500 notre
1770 3458 2060 3515 anonyme
2097 3439 2372 3516 quelques
2409 3455 2540 3496 vers

418 3530 549 3604 plus
568 3530 671 3589 bas
691 3530 762 3589 de
783 3526 839 3589 la'
856 3531 1256 3591 confirmation
1276 3531 1349 3590 de
1373 3532 1429 3588 la
1448 3538 1719 3590 sentence
1738 3532 1812 3589 de
1831 3530 2226 3604 l’archeveque
2245 3528 2318 3587 de
2337 3528 2541 3587 Reims

415 3636 521 3692 par
547 3617 603 3677 le
630 3618 850 3678 concile
878 3619 949 3678 de
968 3621 1105 3678 Pise
1133 3620 1259 3679 leve
1286 3626 1445 3679 toute
1476 3620 1827 3678 hesitation:
1861 3636 1958 3679 car
1984 3619 2038 3677 16
2065 3618 2286 3677 concile
2312 3617 2386 3674 de
2405 3614 2540 3673 Pise

416 3706 658 3766 s’ouvrit
685 3708 739 3765 le
768 3708 839 3766 30
868 3710 987 3767 mai
1018 3710 1153 3767 1135
1188 3708 1422 3783 (Annal.
1454 3710 1615 3781 Sex„
1646 3726 1704 3782 p.
1736 3709 1862 3766 770.
1901 3739 1973 3751 -
2009 3709 2148 3766 cest.
2181 3709 2366 3764 abbat.
2402 3708 2541 3763 Tru·

413 3798 665 3867 donem„
699 3797 869 3869 XIII,
901 3798 928 3854 1
946 3818 960 3866 ;
995 3800 1142 3855 Mon.
1174 3800 1378 3865 Germ„
1414 3800 1513 3857 SS.
1542 3808 1585 3855 t.
1618 3798 1701 3869 X,
1731 3816 1790 3871 p.
1825 3799 1948 3857 312.
1979 3828 2051 3841 -
2079 3796 2417 3869 Marangoni
2445 3810 2538 3869 ap.

414 3886 771 3959 Watterich,
802 3889 904 3943 Vit.
928 3889 1031 3945 RR.
1056 3891 1183 3958 Pe„
1217 3897 1259 3944 t.
1291 3888 1370 3961 Π,
1391 3904 1461 3963 p.
1492 3888 1641 3959 215).
1671 3886 1824 3945 C’est
1851 3886 2000 3944 donc
2025 3886 2162 3945 bien
2188 3886 2225 3943 ὁ,
2251 3885 2309 3943 la
2337 3885 2450 3942 feta
2469 3883 2542 3941 de

414 3962 779 4050 l’Epiphanie
808 3974 881 4034 de
908 3982 1057 4033 cette
1084 3978 1277 4035 meme
1296 3980 1483 4035 annes
1505 3977 1642 4034 1135
1661 3974 1804 4051 qu’il
1831 3975 1954 4033 faut
1979 3992 2247 4051 marquer
2273 3974 2330 4033 le
2359 3982 2544 4032 terme

418 4065 491 4124 de
519 4062 850 4137 l'episcopat
876 4064 948 4121 de
975 4063 1229 4121 Lietard.

487 4154 545 4211 2.
584 4157 890 4210 constituit.
922 4152 974 4211 Il
1000 4172 1038 4227 y
1066 4154 1221 4211 avait
1248 4153 1478 4213 d’abord
1508 4152 1651 4211 dans
1680 4153 1735 4211 le
1763 4170 1873 4213 me.
1905 4158 2189 4213 constitui.

491 4240 545 4298 3.
584 4240 857 4298 L’auteur
882 4241 1055 4299 d'une
1080 4241 1399 4317 chronique
1426 4241 1497 4299 de
1524 4240 1793 4301 Gambrai
1809 4284 1826 4314 ,
1865 4242 2044 4301 ecrite
2071 4258 2144 4299 au
2175 4254 2543 4299 commence-
