3478 5438
987 473 1074 526 148

1028 955 1107 1031 41

1024 1777 1120 1857 42

1894 521 1901 528 .
1930 469 2135 522 GEsrA

1272 612 1484 702 atque
1521 603 1890 678 introitum
1926 627 2133 679 suum
2171 606 2521 704 vituperat

1272 731 1346 797 et
1374 721 1871 796 rectitudinem
1902 721 2085 796 tollit
2120 747 2335 821 quam
2370 721 2683 822 postulat

1272 837 1498 912 donec
1531 837 1911 937 imperium
1946 863 2129 937 pape
2165 839 2485 938 recipiat.

1367 959 1773 1029 Frustratus
1808 953 2071 1029 electus
2108 955 2444 1054 suspirat,
2488 956 2774 1055 cogitat,

1271 1069 1533 1159 studet,
1575 1070 1918 1160 innititur,
1960 1071 2221 1169 querit,
2256 1071 2648 1172 interrogat
2776 1088 2784 1094 ’

1268 1186 1441 1285 quid
1478 1186 1614 1260 sihi
1649 1187 1901 1261 melius
1936 1210 2147 1286 agere
2184 1187 2441 1275 valeat,

1268 1325 1432 1374 cum
1469 1301 1533 1374 ei
1569 1325 1706 1402 pro
1742 1299 1933 1376 bono
1970 1301 2067 1374 nil
2108 1300 2277 1374 boni
2312 1291 2574 1376 v‘eniat.

1294 1556 1419 1622 De
1465 1555 1880 1640 legatione
1928 1555 2035 1620 ad
2080 1568 2379 1636 papam
2424 1555 2768 1623 directa..

1365 1774 1628 1854 Videns
1663 1774 2074 1848 aecclesiam
2110 1781 2426 1848 sanctam
2449 1773 2781 1849 dividere

1267 1898 1728 1996 sanctumque
1764 1889 2091 1966 ordinem
2126 1889 2260 1965 sub
2296 1890 2738 1964 anathemate

1159 2039 1168 2050 ·
1264 2007 1570 2081 aufferre
1606 2006 1849 2103 precio
1884 2015 2097 2106 atque
2132 2005 2511 2096 redimere,

1118 2113 1126 2130 ⁸
1265 2123 1509 2222 precio
1541 2123 1759 2196 etiam
1794 2133 2044 2198 cuneta
2079 2122 2487 2223 disponere,
2612 2177 2619 2186 -

1023 2239 1118 2314 43

1023 2700 1119 2777 44

1018 3166 1112 3240 45

1017 3628 1112 3703 46

1019 4091 1112 4166 47

1365 2237 1726 2336 linquendi
1765 2239 2000 2312 omnia
2038 2239 2216 2314 velle
2252 2239 2723 2337 depromitur,

1267 2352 1429 2428 inde
1466 2352 1815 2427 confessio
1852 2353 2005 2452 ejus
2042 2353 2441 2428 ostenditur
2482 2380 2498 2427 :

1267 2494 1410 2544 non
1448 2469 1636 2543 enim
1673 2467 1827 2542 vult
1860 2469 2050 2543 mori
2084 2478 2157 2542 et
2190 2479 2498 2554 mortem
2533 2471 2801 2569 patitur

1267 2594 1337 2659 et
1372 2609 1624 2683 pacem
1660 2583 1983 2682 querenti
2022 2609 2165 2683 pax
2202 2585 2335 2658 sibi
2370 2585 2664 2660 tollitur.

1361 2706 1468 2776 Ex
1505 2700 1684 2774 velle
1719 2699 2018 2799 proprio
2053 2701 2322 2775 mavult
2354 2699 2710 2777 dimittere

1264 2816 1502 2892 omnia
1537 2840 1753 2915 quam
1790 2840 1991 2891 suam
2028 2817 2335 2891 animam
2370 2818 2711 2916 perdere,

1263 2935 1610 3007 honorem
1646 2932 1987 3007 traditum
2022 2934 2249 3033 magis
2286 2943 2721 3033 postponere
2826 2980 2833 2991 ·

1262 3073 1478 3149 quam
1513 3050 1650 3123 iter
1683 3048 1957 3148 ingredi
1994 3050 2247 3123 mortis
2283 3058 2693 3149 perpetuae.

1359 3172 1658 3243 Veretur
1691 3166 2041 3255 homines,
2082 3165 2210 3240 sed
2248 3168 2473 3267 magis
2510 3167 2916 3256 Dominum,

1261 3306 1556 3380 presens
1591 3281 1811 3356 decus
1846 3291 2062 3369 amat,
2105 3281 2231 3355 sed
2270 3282 2429 3380 plus
2458 3292 2895 3382 ‘perpetuum

1262 3407 1336 3472 et
1369 3395 1556 3472 istud
1591 3405 1664 3470 et
1699 3395 1869 3471 illud
1907 3397 2101 3495 quod
2138 3404 2417 3471 constat
2449 3398 2782 3473 nichilum

1257 3538 1555 3612 prorsus
1590 3513 1919 3587 omittere
1952 3512 2103 3587 vult
2138 3522 2435 3619 propter
2470 3514 2875 3588 Dominum.

1357 3636 1434 3705 ln
1471 3628 1688 3703 rebus
1724 3628 2049 3727 plurimis
2086 3628 2395 3703 volvitur
2430 3628 2733 3718 animm,

1259 3746 1396 3820 huo
1430 3746 1594 3821 illuc
1629 3744 1931 3819 vertitur
1966 3766 2099 3843 per
2134 3756 2387 3819 cuncta
2420 3744 2770 3843 trepidus,

1261 3861 1525 3959 quippe
1561 3860 1675 3936 cui
1713 3886 1856 3934 non
1891 3870 2003 3936 est
2034 3860 2471 3937 consiliarius

1261 3978 1384 4073 qui
1420 3976 1511 4050 sit
1548 3976 1831 4076 negotio
1868 3978 1939 4051 in
1974 3977 2111 4052 hoc
2144 3977 2556 4052 fidissimus,

1360 4098 1440 4167 ln
1480 4094 1630 4167 solo
1665 4093 1965 4168 Domino
2004 4093 2205 4192 ponit
2240 4094 2614 4167 consilium

1263 4209 1382 4306 qui
1422 4219 1696 4284 certum
1731 4210 2051 4285 tristibus
2086 4218 2359 4308 prestat
2396 4209 2750 4296 solatium,
