3478 5438
963 476 1028 529 80
1914 475 2117 530 Gnsu

1401 635 1532 708 per
1567 610 1706 688 hoc
1737 609 2004 686 fraudis
2040 609 2455 694 dominium.

961 726 1104 800 460
1497 730 1644 801 Hoc
1681 751 1824 802 non
1860 735 1970 801 est
2003 751 2145 826 pax
2180 751 2313 802 neo
2346 727 2653 826 requies,

1397 841 1524 916 sed
1561 851 1671 917 est
1705 842 1912 917 dolor
1946 850 2020 916 et
2055 842 2291 918 rabies
2332 869 2349 916 ε

1394 983 1575 1056 quae
1610 958 1777 1034 fecit
1810 959 1947 1032 hoo
1980 958 2073 1033 sit
2107 958 2335 1034 milies

1049 1099 1054 1106 ⁴
1391 1073 1763 1149 maledicta
1797 1075 2201 1174 progenies,

956 1189 1085 1263 461
1491 1188 1672 1281 Quid
1709 1190 2093 1266 Galcherus
2126 1189 2507 1289 posteliuffi

1391 1307 1503 1382 vir
1539 1307 1821 1406 sapiens
1856 1315 1929 1380 et
1958 1307 2333 1405 providuS,

1391 1447 1527 1521 pro
1563 1423 1672 1496 his
1708 1422 1875 1498 fecit
1908 1422 2274 1523 exlegibus

1389 1539 1536 1614 suis
1570 1563 1926 1638 apponam
1962 1539 2261 1614 actibus,

949 1655 1096 1728 462
1488 1655 1634 1731 Sub
1672 1679 1898 1753 parvo
1932 1654 2120 1728 euim
2158 1663 2481 1754 tempore

1388 1796 1521 1870 per
1553 1794 1802 1870 regem
1836 1769 2286 1846 Alemanniae

1388 1910 1519 1985 per
1553 1886 2025 1984 comitemque
2061 1886 2422 1961 Flandriae

1389 1999 1850 2076 Godefridum
1886 2001 2204 2100 penitere

1387 2141 1555 2193 suae
1591 2117 1757 2192 fecit
1790 2117 2134 2192 maliciae.

948 2232 1093 2305 463
1486 2236 1644 2331 Ipse
1681 2231 1901 2306 enim¹
1941 2231 2365 2308 Godefridus

1382 2348 1746 2423 consultus
1780 2375 1823 2422 a
1857 2347 2185 2423 fidelibus

1382 2489 1470 2538 ne
1504 2464 1830 2538 obviaret
1864 2464 2168 2562 amplius

1378 2579 1553 2654 viris
1585 2579 2071 2678 imperialibus

941 2691 1088 2768 464
1477 2692 1894 2769 Galeherum
1931 2694 2081 2769 sine
2118 2693 2363 2793 requie

1381 2808 1721 2884 nitentem
1758 2835 1883 2884 eos
1921 2810 2159 2884 ledere

1378 2950 1684 3024 quorum
1721 2949 1949 3024 pravo
1986 2925 2379 3000 hortamine

1376 3042 1656 3141 fugarat
1689 3065 1857 3127 eum
1890 3049 2162 3117 temere

940 3158 1085 3231 465
1476 3157 1607 3232 hae
1642 3157 1716 3231 in
1752 3157 1931 3232 urbe
1966 3159 2287 3257 reposuit

1377 3280 1450 3347 et
1485 3274 1559 3346 in
1596 3271 1813 3347 domo
1850 3272 2160 3347 restituit
2204 3300 2220 3345 ε

1377 3388 1610 3463 clerus
1643 3396 1718 3462 et
1753 3388 1956 3487 plebs
1994 3388 2155 3461 hine
2191 3386 2440 3474 doluit,

1372 3511 1866 3578 verumtamen
1902 3528 2043 3577 non
2084 3501 2356 3578 abnuit.

1061 3728 1292 3811 Quod
1331 3728 1783 3797 manasses
1828 3728 2147 3797 relictis
2194 3726 2929 3795 cameracensibus

1119 3834 1489 3919 pontifex
1517 3836 1997 3905 suessionis
2024 3852 2079 3903 a
2105 3851 2325 3919 papa
2351 3836 2466 3902 sit
2497 3834 2860 3903 effoetus.

933 4046 1079 4119 466
1470 4045 1853 4123 Galcherus
1889 4046 2008 4121 illo
2044 4053 2369 4145 tempore

1004 4239 1053 4295 1.
1094 4242 1264 4297 enim.
1297 4238 1457 4296 Dans
1488 4236 1543 4296 le
1573 4254 1685 4297 ms.
1717 4239 2023 4298 au-dessus
2054 4238 2125 4296 de
2154 4238 2211 4297 la
2238 4237 2411 4313 ligne.
