3478 5438
499 869 594 944 48

500 1331 594 1406 49

505 1799 596 1869 50

403 2260 582 2360 *5⁴

506 2724 600 2797 52

505 3186 600 3256 53

509 3642 605 3717 54

1257 500 1644 554 summum.
1677 501 1741 552 11.

740 637 859 736 qui
898 638 1160 735 Joseph
1195 635 1562 711 venditum
1596 636 1889 736 regique
1926 636 2287 712 subditum

738 778 957 851 super
991 752 1332 852 Egyptios
1366 753 1532 827 fecit
1565 753 2035 851 prepositum.

839 869 912 943 Si
947 872 1132 942 Deus
1169 868 1488 944 decrevit
1521 876 1602 942 ut
1637 869 1728 943 sit
1765 868 2167 967 episcopm,

741 984 892 1082 ejus
927 984 1230 1083 imperio
1265 983 1420 1059 vult
1453 1008 1611 1058 esse
1646 983 1973 1072 famulu8‚

743 1099 877 1174 sihi
911 1099 1252 1175 obediens
1290 1107 1366 1173 ut
1398 1099 1584 1199 patri
1621 1099 1833 1188 filius,
1946 1129 1949 1134 ·

735 1215 929 1314 jussa
967 1215 1372 1290 custodiens
1409 1217 1590 1290 sicut
1624 1214 2035 1314 discipulum

841 1330 1232 1406 Prudenter
1267 1331 1483 1432 igitur
1517 1331 1834 1430 prudens
1870 1356 1947 1406 se
1984 1333 2316 1422 continet,

743 1446 970 1547 diligit
1007 1446 1325 1535 clericos,
1368 1474 1410 1521 a
1447 1447 1648 1521 malis
1685 1447 2041 1544 prohihet,

741 1562 1038 1662 largitur
1074 1562 1500 1661 quibusdam
1537 1561 1627 1637 de
1665 1563 1777 1637 his
1814 1586 1997 1660 quae
2033 1562 2353 1661 possidet

743 1687 815 1752 et
850 1700 981 1777 per
1015 1678 1151 1751 hoc
1185 1678 1486 1778 gratiam
1520 1702 1771 1752 eorum
1807 1679 2107 1776 optinet.

845 1792 1153 1867 Intendit
1187 1793 1400 1867 etiam
1434 1793 1508 1867 in
1545 1794 1753 1869 honis
1789 1795 2085 1883 actibus,

745 1919 988 1983 vaccat
1023 1908 1321 1983 assiduis
1358 1909 1795 1985 orationihus
1840 1937 1855 1983 :

745 2024 1033 2099 tandem
1071 2024 1172 2098 sic
1209 2025 1600 2124 complacet
1637 2025 1971 2124 subjectis
2008 2025 2339 2101 omnihus

746 2140 940 2240 quod
975 2165 1116 2214 una
1150 2141 1444 2239 cupiunt
1481 2141 1874 2217 dominium
1910 2142 2085 2241 ejuS.

843 2258 901 2331 A
937 2255 1373 2352 sapientibus
1409 2263 1742 2330 monetur
1776 2257 2033 2331 iterum

708 2411 717 2419 =
745 2396 875 2446 suo
909 2371 1274 2468 requirere
1308 2371 1520 2470 capiti
1557 2371 1792 2446 oleum
1836 2400 1851 2444 z

745 2485 1046 2585 proinde
1085 2487 1476 2562 transmisit
1511 2486 1601 2561 ad
1637 2486 2103 2585 apostolicum

749 2601 1108 2678 Ansellum
1123 2602 1426 2676 fidelem
1461 2601 2058 2678 archidiaconum.

845 2717 976 2809 Qui
1009 2742 1319 2816 persona
1351 2726 1508 2793 erat
1544 2719 1827 2807 decenS,
1871 2717 2263 2807 laudabilis,

749 2834 1000 2908 litteris
1036 2834 1400 2933 eloquens,
1444 2835 1682 2935 lingua
1719 2834 2041 2920 affabilia,

747 2950 1092 3049 decetque
1125 2949 1403 3048 legatus
1437 2958 1584 3023 tam
1619 2949 2051 3025 honorabilis
2095 3021 2102 3028 .

748 3064 1214 3166 legationibus
1249 3066 1320 3139 in
1359 3066 1787 3165 apostolicis.

847 3181 980 3256 lvit
1014 3190 1086 3255 et
1119 3180 1415 3255 contulit
1447 3206 1698 3279 preces
1735 3182 2112 3255 aecclesiae

727 3304 822 3372 ·et
856 3296 1215 3372 electionis
1250 3292 1546 3371 modum
1585 3298 2042 3395 compositae.

751 3412 887 3489 Sed
924 3439 1110 3513 papa
1139 3421 1392 3512 ⁵notato
1426 3413 1629 3487 electi
1668 3414 1953 3487 nomine

752 3537 825 3603 et
861 3528 1040 3603 sicut
1075 3538 1368 3604 venerat
1405 3530 1664 3604 missus
1700 3556 1743 3603 a
1778 3552 2043 3615 cesare,
2178 3515 2183 3519 v

850 3644 942 3718 nil
979 3646 1267 3744 inquam
1305 3645 1700 3733 remandat,
1742 3645 1838 3719 nil
1874 3670 2048 3720 vero
2083 3645 2408 3733 consulit,

750 3784 1004 3858 preces
1040 3769 1113 3835 et
1151 3761 1416 3837 litteras
1451 3762 1905 3836 transmissas
1941 3762 2236 3860 respuit.

750 3882 1052 3975 Legatus
1089 3877 1407 3951 Ansellus
1444 3877 1778 3952 confusus
1814 3876 2022 3951 rediit

752 3992 1305 4081 misericordiam
1342 3994 1507 4091 quia
1544 4018 1684 4067 non
1722 3993 1977 4070 attulit.

2474 505 2561 556 1⁴9
