<?xml version="1.0" encoding="UTF-8"?>
<!DOCTYPE html PUBLIC "-//W3C//DTD XHTML 1.0 Transitional//EN"
    "http://www.w3.org/TR/xhtml1/DTD/xhtml1-transitional.dtd">
<html xmlns="http://www.w3.org/1999/xhtml" xml:lang="en" lang="en">
 <head>
  <title>
</title>
<meta http-equiv="Content-Type" content="text/html;charset=utf-8" />
  <meta name='ocr-system' content='tesseract 3.04.00' />
  <meta name='ocr-capabilities' content='ocr_page ocr_carea ocr_par ocr_line ocrx_word'/>
</head>
<body>
  <div class='ocr_page' id='page_1' title='image "./gestesdesvquesd01unkngoog_0239.png"; bbox 0 0 3478 5438; ppageno 0'>
   <div class='ocr_carea' id='block_1_1' title="bbox 459 861 552 930">
    <p class='ocr_par' dir='ltr' id='par_1_1' title="bbox 459 861 552 930">
     <span class='ocr_line' id='line_1_1' title="bbox 459 861 552 930; baseline 0 0"><span class='ocrx_word' id='word_1_1' title='bbox 459 861 552 930; x_wconf 88' lang='grc'><strong>96</strong></span> 
     </span>
    </p>
   </div>
   <div class='ocr_carea' id='block_1_2' title="bbox 453 1322 546 1392">
    <p class='ocr_par' dir='ltr' id='par_1_2' title="bbox 453 1322 546 1392">
     <span class='ocr_line' id='line_1_2' title="bbox 453 1322 546 1392; baseline 0 0"><span class='ocrx_word' id='word_1_2' title='bbox 453 1322 546 1392; x_wconf 90' lang='grc'><strong>97</strong></span> 
     </span>
    </p>
   </div>
   <div class='ocr_carea' id='block_1_3' title="bbox 447 1781 539 1851">
    <p class='ocr_par' dir='ltr' id='par_1_3' title="bbox 447 1781 539 1851">
     <span class='ocr_line' id='line_1_3' title="bbox 447 1781 539 1851; baseline 0 0"><span class='ocrx_word' id='word_1_3' title='bbox 447 1781 539 1851; x_wconf 88' lang='grc'><strong>98</strong></span> 
     </span>
    </p>
   </div>
   <div class='ocr_carea' id='block_1_4' title="bbox 438 2591 532 2660">
    <p class='ocr_par' dir='ltr' id='par_1_4' title="bbox 438 2591 532 2660">
     <span class='ocr_line' id='line_1_4' title="bbox 438 2591 532 2660; baseline 0 0"><span class='ocrx_word' id='word_1_4' title='bbox 438 2591 532 2660; x_wconf 86' lang='grc'><strong>99</strong></span> 
     </span>
    </p>
   </div>
   <div class='ocr_carea' id='block_1_5' title="bbox 387 3052 526 3123">
    <p class='ocr_par' dir='ltr' id='par_1_5' title="bbox 387 3052 526 3123">
     <span class='ocr_line' id='line_1_5' title="bbox 387 3052 526 3123; baseline 0.007 -1"><span class='ocrx_word' id='word_1_5' title='bbox 387 3052 526 3123; x_wconf 74' lang='grc'><strong>400</strong></span> 
     </span>
    </p>
   </div>
   <div class='ocr_carea' id='block_1_6' title="bbox 383 3514 506 3585">
    <p class='ocr_par' dir='ltr' id='par_1_6' title="bbox 383 3514 506 3585">
     <span class='ocr_line' id='line_1_6' title="bbox 383 3514 506 3585; baseline 0 -1"><span class='ocrx_word' id='word_1_6' title='bbox 383 3514 506 3585; x_wconf 71' lang='grc'><strong>101</strong></span> 
     </span>
    </p>
   </div>
   <div class='ocr_carea' id='block_1_7' title="bbox 379 3952 523 4051">
    <p class='ocr_par' dir='ltr' id='par_1_7' title="bbox 379 3952 523 4051">
     <span class='ocr_line' id='line_1_7' title="bbox 379 3952 523 4051; baseline 0.056 -8"><span class='ocrx_word' id='word_1_7' title='bbox 379 3952 523 4051; x_wconf 69' lang='grc' dir='ltr'><strong>4οΞ</strong></span> 
     </span>
    </p>
   </div>
   <div class='ocr_carea' id='block_1_8' title="bbox 1327 497 1605 550">
    <p class='ocr_par' dir='ltr' id='par_1_8' title="bbox 1327 497 1605 550">
     <span class='ocr_line' id='line_1_8' title="bbox 1327 497 1605 550; baseline 0 0"><span class='ocrx_word' id='word_1_8' title='bbox 1327 497 1605 550; x_wconf 70' lang='lat' dir='ltr'><strong>nicom.</strong></span> 
     </span>
    </p>
   </div>
   <div class='ocr_carea' id='block_1_9' title="bbox 831 631 1955 2210">
    <p class='ocr_par' dir='ltr' id='par_1_9' title="bbox 848 631 1656 730">
     <span class='ocr_line' id='line_1_9' title="bbox 848 631 1656 730; baseline 0.006 -27"><span class='ocrx_word' id='word_1_9' title='bbox 848 637 918 704; x_wconf 91' lang='lat' dir='ltr'><strong>et</strong></span> <span class='ocrx_word' id='word_1_10' title='bbox 957 639 1038 704; x_wconf 90' lang='lat' dir='ltr'><strong>ut</strong></span> <span class='ocrx_word' id='word_1_11' title='bbox 1071 631 1257 730; x_wconf 87' lang='lat' dir='ltr'><strong>patri</strong></span> <span class='ocrx_word' id='word_1_12' title='bbox 1287 631 1656 724; x_wconf 83' lang='lat' dir='ltr'><strong>obediunt,</strong></span> 
     </span>
    </p>

    <p class='ocr_par' dir='ltr' id='par_1_10' title="bbox 847 744 1870 964">
     <span class='ocr_line' id='line_1_10' title="bbox 847 744 1761 826; baseline 0.008 -8"><span class='ocrx_word' id='word_1_13' title='bbox 847 744 1274 823; x_wconf 74' lang='lat' dir='ltr'><strong>famulantur</strong></span> <span class='ocrx_word' id='word_1_14' title='bbox 1310 755 1384 824; x_wconf 84' lang='lat' dir='ltr'><strong>et</strong></span> <span class='ocrx_word' id='word_1_15' title='bbox 1419 749 1761 826; x_wconf 85' lang='lat' dir='ltr'><strong>serviunt.</strong></span> 
     </span>
     <span class='ocr_line' id='line_1_11' title="bbox 942 863 1870 964; baseline 0.005 -27"><span class='ocrx_word' id='word_1_16' title='bbox 942 863 1262 938; x_wconf 75' lang='lat' dir='ltr'><strong>Laudant</strong></span> <span class='ocrx_word' id='word_1_17' title='bbox 1295 864 1418 939; x_wconf 92' lang='lat' dir='ltr'><strong>Dei</strong></span> <span class='ocrx_word' id='word_1_18' title='bbox 1455 865 1870 964; x_wconf 80' lang='lat' dir='ltr'><strong>potentiam,</strong></span> 
     </span>
    </p>

    <p class='ocr_par' dir='ltr' id='par_1_11' title="bbox 845 975 1728 1079">
     <span class='ocr_line' id='line_1_12' title="bbox 845 975 1728 1079; baseline 0.009 -29"><span class='ocrx_word' id='word_1_19' title='bbox 845 975 968 1074; x_wconf 91' lang='lat' dir='ltr'><strong>qui</strong></span> <span class='ocrx_word' id='word_1_20' title='bbox 1003 1002 1137 1075; x_wconf 92' lang='lat' dir='ltr'><strong>per</strong></span> <span class='ocrx_word' id='word_1_21' title='bbox 1169 978 1394 1078; x_wconf 81' lang='lat' dir='ltr'><strong>ipsius</strong></span> <span class='ocrx_word' id='word_1_22' title='bbox 1427 981 1728 1079; x_wconf 84' lang='lat' dir='ltr'><strong>gratiam</strong></span> 
     </span>
    </p>

    <p class='ocr_par' dir='ltr' id='par_1_12' title="bbox 843 1088 1610 1172">
     <span class='ocr_line' id='line_1_13' title="bbox 843 1088 1610 1172; baseline 0.01 -8"><span class='ocrx_word' id='word_1_23' title='bbox 843 1088 1189 1169; x_wconf 77' lang='lat' dir='ltr'><strong>tribuerat</strong></span> <span class='ocrx_word' id='word_1_24' title='bbox 1226 1093 1360 1169; x_wconf 88' lang='lat' dir='ltr'><strong>sibi</strong></span> <span class='ocrx_word' id='word_1_25' title='bbox 1395 1095 1610 1172; x_wconf 89' lang='lat' dir='ltr'><strong>talem</strong></span> 
     </span>
    </p>

    <p class='ocr_par' dir='ltr' id='par_1_13' title="bbox 843 1211 1955 1424">
     <span class='ocr_line' id='line_1_14' title="bbox 843 1211 1806 1309; baseline 0.009 -29"><span class='ocrx_word' id='word_1_26' title='bbox 843 1214 1225 1305; x_wconf 87' lang='lat' dir='ltr'><strong>patronum</strong></span> <span class='ocrx_word' id='word_1_27' title='bbox 1260 1216 1334 1285; x_wconf 87' lang='lat' dir='ltr'><strong>et</strong></span> <span class='ocrx_word' id='word_1_28' title='bbox 1368 1211 1806 1309; x_wconf 87' lang='lat' dir='ltr'><strong>pontificem.</strong></span> 
     </span>
     <span class='ocr_line' id='line_1_15' title="bbox 940 1323 1955 1424; baseline 0.009 -27"><span class='ocrx_word' id='word_1_29' title='bbox 940 1323 1342 1424; x_wconf 81' lang='lat' dir='ltr'><strong>Omnesque</strong></span> <span class='ocrx_word' id='word_1_30' title='bbox 1375 1327 1599 1403; x_wconf 85' lang='lat' dir='ltr'><strong>sancti</strong></span> <span class='ocrx_word' id='word_1_31' title='bbox 1635 1327 1955 1406; x_wconf 85' lang='lat' dir='ltr'><strong>homines</strong></span> 
     </span>
    </p>

    <p class='ocr_par' dir='ltr' id='par_1_14' title="bbox 842 1437 1568 1518">
     <span class='ocr_line' id='line_1_16' title="bbox 842 1437 1568 1518; baseline 0.008 -6"><span class='ocrx_word' id='word_1_32' title='bbox 842 1445 913 1513; x_wconf 86' lang='lat' dir='ltr'><strong>et</strong></span> <span class='ocrx_word' id='word_1_33' title='bbox 949 1437 1198 1514; x_wconf 83' lang='lat' dir='ltr'><strong>beatae</strong></span> <span class='ocrx_word' id='word_1_34' title='bbox 1233 1438 1568 1518; x_wconf 86' lang='lat' dir='ltr'><strong>mulieres</strong></span> 
     </span>
    </p>

    <p class='ocr_par' dir='ltr' id='par_1_15' title="bbox 839 1549 1688 1653">
     <span class='ocr_line' id='line_1_17' title="bbox 839 1549 1688 1653; baseline 0.011 -29"><span class='ocrx_word' id='word_1_35' title='bbox 839 1549 930 1625; x_wconf 88' lang='lat' dir='ltr'><strong>de</strong></span> <span class='ocrx_word' id='word_1_36' title='bbox 965 1560 1163 1627; x_wconf 80' lang='lat' dir='ltr'><strong>tanto</strong></span> <span class='ocrx_word' id='word_1_37' title='bbox 1195 1563 1400 1653; x_wconf 86' lang='lat' dir='ltr'><strong>patre</strong></span> <span class='ocrx_word' id='word_1_38' title='bbox 1433 1555 1688 1632; x_wconf 81' lang='lat' dir='ltr'><strong>hilares</strong></span> 
     </span>
    </p>

    <p class='ocr_par' dir='ltr' id='par_1_16' title="bbox 839 1669 1907 1888">
     <span class='ocr_line' id='line_1_18' title="bbox 839 1669 1852 1772; baseline 0.008 -32"><span class='ocrx_word' id='word_1_39' title='bbox 839 1677 1003 1742; x_wconf 88' lang='lat' dir='ltr'><strong>sunt</strong></span> <span class='ocrx_word' id='word_1_40' title='bbox 1038 1669 1221 1746; x_wconf 89' lang='lat' dir='ltr'><strong>sicut</strong></span> <span class='ocrx_word' id='word_1_41' title='bbox 1253 1671 1480 1748; x_wconf 83' lang='lat' dir='ltr'><strong>bonae</strong></span> <span class='ocrx_word' id='word_1_42' title='bbox 1515 1675 1852 1772; x_wconf 83' lang='lat' dir='ltr'><strong>pecudes.</strong></span> 
     </span>
     <span class='ocr_line' id='line_1_19' title="bbox 933 1788 1907 1888; baseline 0.009 -30"><span class='ocrx_word' id='word_1_43' title='bbox 933 1788 1021 1858; x_wconf 84' lang='lat' dir='ltr'><strong>Et</strong></span> <span class='ocrx_word' id='word_1_44' title='bbox 1056 1793 1206 1859; x_wconf 88' lang='lat' dir='ltr'><strong>tota</strong></span> <span class='ocrx_word' id='word_1_45' title='bbox 1239 1811 1416 1887; x_wconf 87' lang='lat' dir='ltr'><strong>gens</strong></span> <span class='ocrx_word' id='word_1_46' title='bbox 1450 1791 1907 1888; x_wconf 85' lang='lat' dir='ltr'><strong>pauperrima</strong></span> 
     </span>
    </p>

    <p class='ocr_par' dir='ltr' id='par_1_17' title="bbox 836 1901 1700 2004">
     <span class='ocr_line' id='line_1_20' title="bbox 836 1901 1700 2004; baseline 0.01 -33"><span class='ocrx_word' id='word_1_47' title='bbox 836 1922 1143 1974; x_wconf 82' lang='lat' dir='ltr'><strong>exorans</strong></span> <span class='ocrx_word' id='word_1_48' title='bbox 1179 1901 1314 1977; x_wconf 88' lang='lat' dir='ltr'><strong>sibi</strong></span> <span class='ocrx_word' id='word_1_49' title='bbox 1351 1927 1700 2004; x_wconf 88' lang='lat' dir='ltr'><strong>prospera</strong></span> 
     </span>
    </p>

    <p class='ocr_par' dir='ltr' id='par_1_18' title="bbox 834 2013 1695 2094">
     <span class='ocr_line' id='line_1_21' title="bbox 834 2013 1695 2094; baseline 0.006 -7"><span class='ocrx_word' id='word_1_50' title='bbox 834 2013 925 2088; x_wconf 93' lang='lat' dir='ltr'><strong>de</strong></span> <span class='ocrx_word' id='word_1_51' title='bbox 959 2015 1280 2090; x_wconf 86' lang='lat' dir='ltr'><strong>moribus</strong></span> <span class='ocrx_word' id='word_1_52' title='bbox 1315 2027 1390 2092; x_wconf 85' lang='lat' dir='ltr'><strong>et</strong></span> <span class='ocrx_word' id='word_1_53' title='bbox 1421 2018 1511 2094; x_wconf 89' lang='lat' dir='ltr'><strong>de</strong></span> <span class='ocrx_word' id='word_1_54' title='bbox 1548 2019 1695 2092; x_wconf 85' lang='lat' dir='ltr'><strong>vita</strong></span> 
     </span>
    </p>

    <p class='ocr_par' dir='ltr' id='par_1_19' title="bbox 831 2126 1651 2210">
     <span class='ocr_line' id='line_1_22' title="bbox 831 2126 1651 2210; baseline 0.011 -9"><span class='ocrx_word' id='word_1_55' title='bbox 831 2126 1017 2207; x_wconf 86' lang='lat' dir='ltr'><strong>bona</strong></span> <span class='ocrx_word' id='word_1_56' title='bbox 1049 2130 1188 2204; x_wconf 83' lang='lat' dir='ltr'><strong>fert</strong></span> <span class='ocrx_word' id='word_1_57' title='bbox 1221 2133 1651 2210; x_wconf 81' lang='lat' dir='ltr'><strong>testimonia.</strong></span> 
     </span>
    </p>
   </div>
   <div class='ocr_carea' id='block_1_10' title="bbox 609 2370 2281 2466">
    <p class='ocr_par' dir='ltr' id='par_1_20' title="bbox 609 2370 2281 2466">
     <span class='ocr_line' id='line_1_23' title="bbox 609 2370 2281 2466; baseline 0.005 -27"><span class='ocrx_word' id='word_1_58' title='bbox 609 2370 981 2453; x_wconf 72' lang='lat' dir='ltr'><strong>Qualiter</strong></span> <span class='ocrx_word' id='word_1_59' title='bbox 1025 2372 1452 2444; x_wconf 77' lang='lat' dir='ltr'><strong>Gerardus</strong></span> <span class='ocrx_word' id='word_1_60' title='bbox 1496 2371 1789 2459; x_wconf 78' lang='lat' dir='ltr'><strong>pacem</strong></span> <span class='ocrx_word' id='word_1_61' title='bbox 1832 2381 2281 2466; x_wconf 70' lang='lat' dir='ltr'><strong>ina-egerit.</strong></span> 
     </span>
    </p>
   </div>
   <div class='ocr_carea' id='block_1_11' title="bbox 809 2589 1985 4316">
    <p class='ocr_par' dir='ltr' id='par_1_21' title="bbox 821 2589 1961 3035">
     <span class='ocr_line' id='line_1_24' title="bbox 925 2589 1961 2694; baseline 0.009 -30"><span class='ocrx_word' id='word_1_62' title='bbox 925 2589 1047 2664; x_wconf 87' lang='lat' dir='ltr'><strong>His</strong></span> <span class='ocrx_word' id='word_1_63' title='bbox 1083 2590 1381 2683; x_wconf 80' lang='lat' dir='ltr'><strong>actibus,</strong></span> <span class='ocrx_word' id='word_1_64' title='bbox 1422 2593 1533 2669; x_wconf 87' lang='lat' dir='ltr'><strong>his</strong></span> <span class='ocrx_word' id='word_1_65' title='bbox 1566 2597 1961 2694; x_wconf 64' lang='lat' dir='ltr'><strong>prosperis..</strong></span> 
     </span>
     <span class='ocr_line' id='line_1_25' title="bbox 826 2704 1789 2811; baseline 0.006 -30"><span class='ocrx_word' id='word_1_66' title='bbox 826 2704 938 2781; x_wconf 89' lang='lat' dir='ltr'><strong>his</strong></span> <span class='ocrx_word' id='word_1_67' title='bbox 973 2704 1324 2797; x_wconf 88' lang='lat' dir='ltr'><strong>laudibus,</strong></span> <span class='ocrx_word' id='word_1_68' title='bbox 1367 2709 1478 2785; x_wconf 83' lang='lat' dir='ltr'><strong>his</strong></span> <span class='ocrx_word' id='word_1_69' title='bbox 1511 2711 1789 2811; x_wconf 84' lang='lat' dir='ltr'><strong>gaudiis</strong></span> 
     </span>
     <span class='ocr_line' id='line_1_26' title="bbox 823 2819 1404 2899; baseline 0.009 -5"><span class='ocrx_word' id='word_1_70' title='bbox 823 2819 1106 2897; x_wconf 88' lang='lat' dir='ltr'><strong>inimica</strong></span> <span class='ocrx_word' id='word_1_71' title='bbox 1142 2822 1404 2899; x_wconf 90' lang='lat' dir='ltr'><strong>diaboli</strong></span> 
     </span>
     <span class='ocr_line' id='line_1_27' title="bbox 821 2938 1654 3035; baseline 0.011 -26"><span class='ocrx_word' id='word_1_72' title='bbox 821 2938 1193 3035; x_wconf 82' lang='lat' dir='ltr'><strong>temptatio</strong></span> <span class='ocrx_word' id='word_1_73' title='bbox 1229 2964 1373 3015; x_wconf 88' lang='lat' dir='ltr'><strong>non</strong></span> <span class='ocrx_word' id='word_1_74' title='bbox 1410 2941 1654 3018; x_wconf 87' lang='lat' dir='ltr'><strong>defuit.</strong></span> 
     </span>
    </p>

    <p class='ocr_par' dir='ltr' id='par_1_22' title="bbox 818 3053 1869 3505">
     <span class='ocr_line' id='line_1_28' title="bbox 917 3053 1869 3157; baseline 0.012 -31"><span class='ocrx_word' id='word_1_75' title='bbox 917 3057 1094 3127; x_wconf 84' lang='lat' dir='ltr'><strong>Nam</strong></span> <span class='ocrx_word' id='word_1_76' title='bbox 1128 3053 1245 3129; x_wconf 87' lang='lat' dir='ltr'><strong>ille</strong></span> <span class='ocrx_word' id='word_1_77' title='bbox 1281 3081 1576 3157; x_wconf 89' lang='lat' dir='ltr'><strong>serpens</strong></span> <span class='ocrx_word' id='word_1_78' title='bbox 1611 3059 1869 3137; x_wconf 84' lang='lat' dir='ltr'><strong>lividus</strong></span> 
     </span>
     <span class='ocr_line' id='line_1_29' title="bbox 824 3166 1734 3264; baseline 0.011 -23"><span class='ocrx_word' id='word_1_79' title='bbox 824 3166 1157 3264; x_wconf 86' lang='lat' dir='ltr'><strong>antiquus</strong></span> <span class='ocrx_word' id='word_1_80' title='bbox 1191 3172 1415 3247; x_wconf 85' lang='lat' dir='ltr'><strong>hostis</strong></span> <span class='ocrx_word' id='word_1_81' title='bbox 1450 3174 1734 3251; x_wconf 84' lang='lat' dir='ltr'><strong>invidus</strong></span> 
     </span>
     <span class='ocr_line' id='line_1_30' title="bbox 818 3288 1815 3391; baseline 0.011 -35"><span class='ocrx_word' id='word_1_82' title='bbox 818 3307 951 3381; x_wconf 88' lang='lat' dir='ltr'><strong>per</strong></span> <span class='ocrx_word' id='word_1_83' title='bbox 987 3309 1203 3382; x_wconf 90' lang='lat' dir='ltr'><strong>quem</strong></span> <span class='ocrx_word' id='word_1_84' title='bbox 1239 3288 1422 3363; x_wconf 87' lang='lat' dir='ltr'><strong>crdo</strong></span> <span class='ocrx_word' id='word_1_85' title='bbox 1457 3292 1815 3391; x_wconf 88' lang='lat' dir='ltr'><strong>angelicus</strong></span> 
     </span>
     <span class='ocr_line' id='line_1_31' title="bbox 819 3401 1783 3505; baseline 0.013 -35"><span class='ocrx_word' id='word_1_86' title='bbox 819 3406 1220 3505; x_wconf 81' lang='lat' dir='ltr'><strong>prostratur</strong></span> <span class='ocrx_word' id='word_1_87' title='bbox 1254 3401 1346 3477; x_wconf 90' lang='lat' dir='ltr'><strong>de</strong></span> <span class='ocrx_word' id='word_1_88' title='bbox 1383 3405 1783 3497; x_wconf 77' lang='lat' dir='ltr'><strong>celestibus,</strong></span> 
     </span>
    </p>

    <p class='ocr_par' dir='ltr' id='par_1_23' title="bbox 811 3518 1985 3969">
     <span class='ocr_line' id='line_1_32' title="bbox 911 3518 1985 3614; baseline 0.013 -28"><span class='ocrx_word' id='word_1_89' title='bbox 911 3537 1046 3610; x_wconf 93' lang='lat' dir='ltr'><strong>per</strong></span> <span class='ocrx_word' id='word_1_90' title='bbox 1081 3538 1298 3613; x_wconf 90' lang='lat' dir='ltr'><strong>quem</strong></span> <span class='ocrx_word' id='word_1_91' title='bbox 1333 3518 1559 3595; x_wconf 84' lang='lat' dir='ltr'><strong>Adam</strong></span> <span class='ocrx_word' id='word_1_92' title='bbox 1596 3522 1985 3614; x_wconf 77' lang='lat' dir='ltr'><strong>seducitur,</strong></span> 
     </span>
     <span class='ocr_line' id='line_1_33' title="bbox 814 3633 1943 3736; baseline 0.013 -35"><span class='ocrx_word' id='word_1_93' title='bbox 814 3652 948 3726; x_wconf 90' lang='lat' dir='ltr'><strong>per</strong></span> <span class='ocrx_word' id='word_1_94' title='bbox 977 3654 1196 3729; x_wconf 90' lang='lat' dir='ltr'><strong>quem</strong></span> <span class='ocrx_word' id='word_1_95' title='bbox 1230 3633 1450 3709; x_wconf 73' lang='lat' dir='ltr'><strong>sudas</strong></span> <span class='ocrx_word' id='word_1_96' title='bbox 1487 3639 1943 3736; x_wconf 66' lang='lat' dir='ltr'><strong>suspendium</strong></span> 
     </span>
     <span class='ocr_line' id='line_1_34' title="bbox 816 3750 1977 3850; baseline 0.011 -31"><span class='ocrx_word' id='word_1_97' title='bbox 816 3750 891 3819; x_wconf 91' lang='lat' dir='ltr'><strong>et</strong></span> <span class='ocrx_word' id='word_1_98' title='bbox 923 3768 1059 3842; x_wconf 90' lang='lat' dir='ltr'><strong>per</strong></span> <span class='ocrx_word' id='word_1_99' title='bbox 1091 3772 1309 3844; x_wconf 90' lang='lat' dir='ltr'><strong>quem</strong></span> <span class='ocrx_word' id='word_1_100' title='bbox 1344 3752 1610 3850; x_wconf 81' lang='lat' dir='ltr'><strong>Jcseph</strong></span> <span class='ocrx_word' id='word_1_101' title='bbox 1645 3754 1977 3832; x_wconf 86' lang='lat' dir='ltr'><strong>venditur</strong></span> 
     </span>
     <span class='ocr_line' id='line_1_35' title="bbox 811 3848 1737 3969; baseline 0.011 -36"><span class='ocrx_word' id='word_1_102' title='bbox 811 3867 884 3933; x_wconf 90' lang='lat' dir='ltr'><strong>et</strong></span> <span class='ocrx_word' id='word_1_103' title='bbox 921 3848 1240 3939; x_wconf 79' lang='lat' dir='ltr'><strong>Christus</strong></span> <span class='ocrx_word' id='word_1_104' title='bbox 1277 3868 1737 3969; x_wconf 81' lang='lat' dir='ltr'><strong>crucifigitur,</strong></span> 
     </span>
    </p>

    <p class='ocr_par' dir='ltr' id='par_1_24' title="bbox 809 3974 1793 4316">
     <span class='ocr_line' id='line_1_36' title="bbox 910 3974 1728 4077; baseline 0.015 -28"><span class='ocrx_word' id='word_1_105' title='bbox 910 3974 1024 4051; x_wconf 94' lang='lat' dir='ltr'><strong>ille</strong></span> <span class='ocrx_word' id='word_1_106' title='bbox 1058 3977 1314 4077; x_wconf 88' lang='lat' dir='ltr'><strong>plenus</strong></span> <span class='ocrx_word' id='word_1_107' title='bbox 1347 3982 1728 4076; x_wconf 79' lang='lat' dir='ltr'><strong>discordia,</strong></span> 
     </span>
     <span class='ocr_line' id='line_1_37' title="bbox 811 4098 1761 4196; baseline 0.015 -33"><span class='ocrx_word' id='word_1_108' title='bbox 811 4098 1007 4166; x_wconf 84' lang='lat' dir='ltr'><strong>stans</strong></span> <span class='ocrx_word' id='word_1_109' title='bbox 1043 4118 1327 4196; x_wconf 87' lang='lat' dir='ltr'><strong>semper</strong></span> <span class='ocrx_word' id='word_1_110' title='bbox 1361 4100 1432 4173; x_wconf 89' lang='lat' dir='ltr'><strong>in</strong></span> <span class='ocrx_word' id='word_1_111' title='bbox 1465 4100 1761 4177; x_wconf 83' lang='lat' dir='ltr'><strong>tristicia</strong></span> 
     </span>
     <span class='ocr_line' id='line_1_38' title="bbox 809 4207 1793 4316; baseline 0.014 -36"><span class='ocrx_word' id='word_1_112' title='bbox 809 4207 1122 4307; x_wconf 89' lang='lat' dir='ltr'><strong>nullique</strong></span> <span class='ocrx_word' id='word_1_113' title='bbox 1156 4214 1404 4289; x_wconf 82' lang='lat' dir='ltr'><strong>volens</strong></span> <span class='ocrx_word' id='word_1_114' title='bbox 1441 4240 1793 4316; x_wconf 87' lang='lat' dir='ltr'><strong>prospera</strong></span> 
     </span>
    </p>
   </div>
   <div class='ocr_carea' id='block_1_12' title="bbox 2440 508 2527 560">
    <p class='ocr_par' dir='ltr' id='par_1_25' title="bbox 2440 508 2527 560">
     <span class='ocr_line' id='line_1_39' title="bbox 2440 508 2527 560; baseline 0.023 -2"><span class='ocrx_word' id='word_1_115' title='bbox 2440 508 2527 560; x_wconf 81' lang='lat'><strong>187</strong></span> 
     </span>
    </p>
   </div>
  </div>
 </body>
</html>
