3478 5438
916 461 1007 514 Μ
1863 457 2065 509 ΘΕΒΤΑ

1356 593 1675 693 ejusdem
1710 591 1938 667 noctis
1971 600 2298 690 tempore

1354 707 1687 783 mandato
1723 731 1888 783 cum
1922 708 2258 806 pontifice

1354 833 1614 925 nepote
1650 825 1816 900 suo¹
1855 828 2166 925 Symone

916 946 1060 1020 203
1453 949 1665 1039 atque
1700 941 1946 1039 paucis
1981 941 2388 1016 convocatis

1349 1057 1441 1133 de
1476 1055 1882 1132 hominibus
1914 1056 2247 1156 presulis,

1352 1170 1762 1249 obtulerunt
1795 1172 2108 1271 pontifici

1354 1287 1898 1366 Sanctobertum
1927 1287 2249 1366 exhiberi
2295 1317 2310 1362 :

916 1405 1065 1485 204
1452 1404 1778 1505 pactione
1811 1413 2050 1478 tamen
2085 1405 2206 1479 tali

1354 1521 1413 1595 si
1450 1544 1716 1618 pueros
1753 1518 2146 1595 reddiderit

1354 1642 1427 1710 et
1463 1635 1729 1710 amicos
1765 1635 1924 1708 illos
1961 1635 2098 1709 sibi

1356 1773 1788 1849 componere
1821 1749 2150 1826 voluerit.

920 1870 1063 1944 205
1454 1865 1563 1942 Ad
1600 1866 1736 1940 hoc
1772 1889 1950 1966 ergo
1984 1864 2472 1965 peragendum

1356 1983 1489 2058 fuit
1520 1981 1744 2057 breve
1778 1981 2150 2056 consilium

1358 2097 1523 2195 quia
1558 2097 1697 2172 diei
1734 2097 2146 2197 proximum

1348 2214 1497 2314 jam
1532 2213 1872 2288 videbant
1905 2213 2429 2312 crepusculum.

919 2335 1064 2407 206
1454 2333 1671 2404 Favet
1706 2330 1948 2404 statim
1983 2330 2360 2428 episeopus

1358 2444 1559 2519 factis
1594 2445 2082 2544 petitionibus,

1354 2558 1593 2634 reddit
1628 2560 1932 2636 infantes
1965 2557 2318 2659 patribus,

1357 2675 1661 2774 receptis
1697 2675 1910 2752 castri
1949 2675 2292 2750 clavibus.

921 2796 1064 2870 207
1455 2792 1658 2883 Quod
1694 2792 1936 2891 presul
1974 2792 2048 2865 in
2079 2814 2295 2867 manu
2329 2814 2456 2866 sua

1286 2944 1293 2957 ·
1358 2914 1508 2983 tuta
1542 2917 1791 2982 tenens
1827 2907 2110 2996 fiducia,

1359 3022 1695 3098 familiam
1732 3024 1830 3099 ibi
1866 3024 2048 3099 locat

1360 3163 1543 3237 quae
1580 3139 1944 3215 castellum
1979 3138 2334 3215 custodiat

926 3259 1070 3333 208
1461 3258 1522 3329 Α
1556 3255 1840 3331 rusticis
1875 3256 1958 3330 fit
1993 3264 2242 3355 postea

1364 3369 1683 3469 pontifici
1724 3372 2070 3446 securitas

1002 3594 1051 3647 1.
1094 3591 1467 3650 C’est-a-dire
1491 3607 1594 3651 son
1620 3596 1816 3649 cousin
1841 3596 2100 3663 ymnain
2131 3612 2147 3648 .·
2177 3608 2274 3650 car
2303 3591 2360 3649 le
2385 3592 2520 3665 pere
2547 3592 2620 3649 de
2647 3590 2878 3649 Nicolas
2905 3590 3040 3648 etait

929 3681 983 3739 le
1003 3678 1150 3737 frere
1167 3678 1239 3736 de
1256 3679 1313 3738 la
1330 3681 1488 3739 mere
1509 3681 1579 3738 de
1594 3680 1802 3739 Simon
1823 3683 2024 3754 (comp.
2055 3678 2187 3754 plus
2207 3680 2354 3738 haut
2375 3696 2428 3753 p.
2452 3679 2580 3752 117,
2599 3695 2659 3736 n.
2682 3678 2738 3751 2,
2760 3686 2821 3738 et
2837 3696 2892 3751 p.
2919 3678 3038 3747 176,

928 3784 987 3825 n.
1032 3769 1107 3842 2),
1144 3784 1368 3827 comme
1410 3770 1466 3828 le
1501 3770 1588 3828 dit
1627 3770 1784 3828 aussi
1824 3770 2254 3843 expressement
2285 3768 2559 3827 Lambert
2592 3768 2664 3825 de
2699 3766 2992 3826 Watrelos
3022 3782 3036 3823 ε

928 3862 1123 3915 Presul
1160 3862 1313 3916 enim
1352 3863 1492 3917 cives
1528 3876 1655 3919 suos
1689 3862 1944 3932 cupiebat
1980 3860 2172 3916 sedare
2207 3866 2260 3915 et
2285 3860 2597 3926 Simonem,
2637 3864 2822 3931 utpote
2855 3874 3044 3915 numu

930 3964 1133 4004 umis
1164 3962 1325 4021 suas,
1352 3966 1422 4007 ex
1450 3949 1564 4007 fide
1585 3950 1787 4022 juvare
1817 3951 1892 4023 (p.
1925 3949 2069 4021 514).
2117 3947 2210 4005 On
2247 3948 2362 4005 sait
2394 3947 2476 4005 du
2511 3954 2662 4005 rests
2699 3963 2814 4021 que
2841 3946 2896 4005 le
2922 3954 3040 4003 mot

931 4052 1097 4107 nepos
1124 4036 1276 4095 avait
1312 4036 1670 4112 quelquefois
1696 4044 1845 4096 cette
1875 4036 2264 4110 signification
2294 4036 2440 4095 dans
2471 4036 2525 4096 le
2553 4036 2694 4095 latin
2723 4036 2800 4093 du
2831 4050 3034 4108 moyen

928 4124 1037 4198 age
1082 4124 1284 4197 (comp.
1333 4124 1427 4181 Du
1467 4124 1686 4199 Gange,
1731 4129 2076 4184 Glossarium
2119 4126 2331 4195 mediae
2377 4132 2427 4181 et
2455 4127 2684 4195 infimas
2713 4125 3030 4182 latinitatis,

932 4212 1025 4269 ed.
1058 4211 1371 4283 Henschel‚
1401 4220 1442 4270 t.
1474 4212 1578 4284 IV,
1610 4229 1667 4285 p.
1698 4212 1826 4284 620,
1857 4212 1963 4271 col.
1995 4212 2071 4280 2).
