3478 5438
448 1003 539 1072 33

448 1461 540 1536 34

446 1932 537 2000 35

445 2395 538 2465 36

445 2860 536 2930 37

445 3322 536 3391 38

445 3784 536 3853 39

448 4239 541 4315 40

1211 522 1600 575 mmofflnm.
1631 523 1695 573 ΙΙ.

813 769 1136 852 Quanta.
1183 770 1544 837 advorsa
1588 781 1895 849 passus
1943 765 2081 833 sit.
2180 767 2188 774 '

786 996 1182 1073 Sacrandus
1215 997 1435 1096 igitur
1465 996 1728 1071 electus
1764 996 2039 1071 Domini

685 1125 1029 1214 quantum
1064 1114 1378 1190 anterius
1413 1114 1627 1188 habet
1661 1113 2022 1201 contrarii,

685 1239 1029 1330 quantum
1064 1229 1490 1319 discordiae,
1532 1237 1876 1326 quantum
1912 1228 2231 1327 periculi,

687 1348 810 1445 qui
844 1348 977 1421 hec
1011 1346 1343 1421 videbitis
1379 1345 1924 1420 admirabimini.

785 1467 1100 1560 Namque
1135 1470 1303 1536 tunc
1340 1462 1686 1560 temporis
1725 1469 1879 1535 erat
1918 1459 2288 1535 discidium

688 1578 871 1652 inter
907 1575 1283 1675 imperium
1322 1586 1394 1652 et
1431 1577 1935 1667 sacerdotium,

687 1702 899 1791 atque
934 1703 1320 1791 propterea
1357 1718 1498 1766 non
1537 1718 1670 1791 per
1706 1692 2068 1766 biennium

685 1811 1071 1909 impetrare
1109 1811 1240 1885 sibi
1281 1811 1515 1910 potuit
1548 1810 1810 1885 oleum.

783 1928 1109 2001 Attamen
1147 1927 1410 2001 electus
1447 1952 1578 2025 per
1613 1925 1737 2000 Dei
1774 1924 2074 2024 gratiam

685 2051 956 2139 spectat
992 2041 1350 2115 humiliter
1383 2040 1971 2129 misericordiam,

685 2157 1216 2257 archiepiscopo
1252 2158 1582 2232 Remensi
1619 2157 1932 2232 debitam

686 2285 973 2374 praesto
1004 2274 1426 2374 promittere
1464 2274 1941 2349 obedientiam

784 2417 986 2465 more
1023 2390 1439 2490 pontificum
1477 2416 1553 2464 se
1591 2390 2151 2489 precedentium,

686 2507 810 2605 qui
848 2532 1135 2607 semper
1168 2507 1458 2581 domino
1498 2507 1682 2604 patri
1718 2507 2170 2583 Remensium

686 2623 980 2724 subjecti
1004 2623 1269 2725 jugiter
1305 2624 1622 2698 fecerunt
1654 2623 1976 2698 debitum

685 2739 1211 2814 christianitatis
1243 2765 1410 2814 suae
1445 2739 1895 2836 obsequium.

784 2857 872 2930 At
909 2856 1050 2943 ille,
1094 2863 1172 2929 ut
1209 2855 1382 2943 dixi,
1425 2863 1724 2954 propter
1762 2854 2192 2929 discordiam
2321 2933 2329 2948 ⁸

683 2996 821 3070 que
857 2971 1044 3046 inter
1079 2995 1380 3071 regnum
1417 2981 1527 3048 est
1563 2980 1777 3070 atque
1814 2972 2207 3061 ecclesiam,

684 3086 910 3161 electo
947 3086 1250 3185 denegat
1287 3087 1891 3161 consecrationem

687 3227 1030 3301 suamque
1070 3202 1281 3278 deicit
1316 3204 1752 3278 filiationem.

783 3323 883 3392 De
922 3318 1067 3392 suis
1102 3318 1318 3417 igitur
1354 3320 1633 3419 magnis
1671 3321 2044 3395 contrariis

684 3443 758 3509 et
791 3434 882 3509 de
920 3434 1282 3510 laboribus
1319 3445 1388 3510 et
1431 3436 1520 3510 de
1557 3436 1891 3535 periculis

685 3574 826 3647 que
863 3575 1101 3625 sermo
1139 3553 1400 3626 referet
1435 3552 1645 3651 hujus
1683 3552 2109 3638 dictaminis,

687 3667 821 3739 hoc
854 3667 1168 3764 primum
1202 3667 1430 3767 majus
1469 3677 1577 3742 est
1613 3669 1942 3742 omnibus
1977 3666 2156 3741 aliis.

782 3783 1136 3859 Maluisset
1172 3806 1478 3883 namque
1513 3786 1684 3885 poni
1719 3786 1791 3859 in
1830 3810 2116 3859 carcere

688 3897 1167 3997 damnumque
1205 3902 1595 3977 maximum
1632 3901 1779 4000 pati
1817 3900 2160 3998 pecuniae

687 4015 1069 4110 quam-sibi
1107 4017 1196 4091 ab
1233 4018 1389 4116 ipso
1426 4017 1956 4115 archipontifice

686 4127 777 4202 dc
819 4155 944 4204 sua
964 4134 1299 4206 ,contrahi
1335 4133 1849 4209 benedictione.

791 4246 1035 4321 Oleum
1072 4249 1333 4323 etenim
1369 4251 1591 4325 electo
1630 4250 1933 4351 denegat

2423 519 2509 571 1⁴7
