3478 5438
944 493 1007 546 ss
1901 489 2108 543 orsu
2169 463 2176 470 ’

943 745 1067 812 De
1106 741 1307 828 ruga
1338 743 1738 812 umnec
1784 743 1874 811 et
1907 742 2381 826 receptione
2421 743 2812 815 celeber!
2845 747 3049 818 lun-a

1843 852 2153 919 urbem.

948 1072 1089 1144 338
1480 1067 1607 1142 Hie
1640 1091 1816 1168 ergo
1851 1067 2027 1144 dum
2063 1067 2166 1144 sie
2199 1070 2436 1170 agitur

1383 1183 1570 1258 fama
1606 1185 1914 1284 sparsim
1948 1183 2358 1260 extenditur

1383 1299 1579 1398 quod
1614 1323 1780 1374 eum
1815 1299 2006 1400 regis
2040 1300 2484 1400 principibus

1384 1413 1764 1490 Galeherus
1790 1414 1940 1514 jam
1975 1415 2405 1516 regreditur.

948 1535 1089 1607 339
1481 1531 1683 1621 Quod
1718 1539 1799 1608 ut
1834 1531 2103 1606 audivit
2137 1537 2490 1609 Manasses

1384 1647 1531 1722 exit
1564 1646 1822 1722 urbem
1857 1647 2198 1723 velociter

1384 1770 1460 1838 et
1494 1762 1874 1839 Galeherus
1909 1771 2241 1862 receptus
2275 1771 2388 1840 est

1384 1887 1457 1954 et
1489 1879 1898 1981 Lotbaiingi
1911 1879 1934 1926 ¹
1975 1879 2335 1980 principes

949 1993 1092 2070 340
1484 1996 1602 2094 qui
1641 1995 1756 2070 hie
1787 2022 1831 2069 a
1865 2019 2038 2095 rege
2074 1995 2376 2071 Heni-ico

1382 2111 1778 2187 {rammissi
1815 2119 2020 2188 erant
2055 2110 2219 2186 ideo

1384 2234 1465 2304 ut
1500 2226 2023 2326 perprobarent
2057 2223 2420 2325 quomodo

1384 2367 1515 2420 suo
1552 2351 1753 2418 erant
1787 2342 2129 2442 episeopo

950 2457 1079 2532 341
1486 2458 1828 2536 Galebero
1863 2461 2431 2547 cameracenses,

1387 2575 1513 2674 qui
1548 2574 1866 2675 maligni,
1910 2573 2034 2673 qui
2069 2572 2344 2663 fideles,

1387 2690 1600 2791 quive
1637 2689 1772 2766 sibi
1807 2697 2288 2791 repugnantes

1386 2816 1460 2884 et
1494 2805 1621 2905 qui
1654 2804 1886 2906 magis
1919 2804 2258 2881 amabiles
2303 2868 2308 2874 .

952 2923 1097 2999 342
1487 2928 1912 3021 Preeeptum
1947 2921 2081 2996 fuit
2114 2919 2444 2997 omnibus

1388 3066 1431 3115 a
1466 3038 1715 3140 legatis
1751 3035 2110 3138 regalibus

1387 3163 1469 3230 ut
1504 3154 1627 3253 qui
1664 3153 1731 3229 ei
1769 3176 1912 3227 non
1950 3152 2351 3229 subduntur

1388 3296 1525 3371 pro
1560 3269 1886 3346 hostibus
1921 3268 2336 3345 habeantur.

956 3388 1097 3463 343
1488 3385 1686 3461 Istud
1720 3384 2036 3461 edictum
2070 3384 2344 3461 Gesaris

1392 3527 1558 3578 eum
1591 3500 1880 3577 auditur
1916 3525 1959 3574 a
1993 3500 2292 3589 clericis,

1393 3617 1507 3693 hie
1542 3624 2034 3693 remanserunt
2067 3614 2184 3691 alii

1394 3758 1473 3808 se
1508 3732 2013 3809 subtraxerunt
2047 3731 2276 3806 alteri.

962 3850 1105 3925 344
1494 3848 1623 3925 Ηίο
1656 3872 1832 3949 ergo
1867 3848 2384 3922 remanentium

1400 3965 1639 4064 presul
1676 3963 2057 4042 Galcherus
2090 3964 2412 4039 omnium

1036 4236 1087 4292 1.
1128 4234 1327 4308 Gomp.
1360 4236 1772 4301 Introduction,
1807 4250 1967 4291 num.
1999 4232 2088 4291 23.
