3478 5438
988 423 1074 476 144

1035 561 1127 636 ⁴2

1030 1022 1120 1093 43

1027 1477 1120 1552 ⁴4

1022 1946 1114 2017 45

1018 2404 1109 2475 ⁴6

1015 3214 1105 3284 47

1014 3676 1103 3745 48

1010 4139 1098 4207 49

1944 419 2143 470 GESTA

1373 554 1799 631 Gualcherus
1836 553 1955 628 ubi
1990 553 2082 626 sit
2116 577 2319 626 cesar
2354 552 2768 652 interrogat.

1270 671 1508 771 Legati
1542 668 1977 767 respondent
2020 695 2035 740 ε
2091 667 2379 742 Tomaei
2414 667 2701 742 habitat.

1270 791 1405 875 Ire,
1443 785 1795 860 adducere
1830 809 1962 858 rex
1996 781 2131 856 illis
2166 783 2495 881 imperat,

1269 901 1538 975 donum
1573 898 1889 997 recipere
1924 897 2130 972 eitius
2162 898 2421 973 veniat.

1365 1015 1490 1090 Cui
1525 1039 1690 1089 eum
1723 1015 2031 1088 afferunt
2064 1037 2433 1088 assensum
2466 1013 2741 1113 regium

1266 1143 1343 1206 et
1369 1132 1552 1208 velle
1585 1131 1834 1230 populi
1868 1130 2477 1208 Cameracensium

1268 1250 1389 1347 qui
1419 1247 1616 1323 illum
1649 1255 1989 1322 revocant
2022 1247 2111 1322 ad
2149 1245 2613 1346 episcopium,

1265 1387 1602 1464 magnum
1637 1363 1771 1437 sihi
1808 1369 2059 1461 putant
2094 1362 2345 1436 afferre
2382 1360 2743 1460 gaudium.

1274 1536 1282 1542 .
1363 1481 1452 1552 At
1481 1478 1594 1552 ille
1629 1476 1943 1552 reddidit
1976 1478 2239 1578 gratias
2274 1477 2567 1576 popu10,

1265 1593 1392 1669 sed
1427 1593 1674 1693 procul
1711 1593 1996 1692 pellitur
2031 1595 2223 1692 regis
2260 1593 2623 1668 concessio

1263 1733 1398 1807 pro
1437 1734 1581 1806 quo
1615 1709 1863 1807 pulsus
1898 1716 2050 1782 erat
2085 1708 2177 1782 de
2214 1707 2575 1807 pontificio

1169 1865 1174 1870 ·
1261 1824 1353 1899 ad
1391 1849 1598 1900 suum
1635 1824 1943 1900 dedecus
1974 1825 2065 1900 ab
2103 1824 2517 1922 apostolico.

1361 1940 1619 2016 Retulit
1657 1941 1870 2016 etiam
1905 1940 2154 2040 legatis
2190 1940 2355 2014 talia
2395 1969 2410 2012 :

1263 2057 1585 2154 Coqnovi,
1627 2057 1912 2145 domini,
1952 2081 2173 2131 mores
2210 2067 2279 2131 et
2314 2081 2521 2155 opera

1258 2183 1648 2270 vestrosque
1683 2176 1945 2246 animos
1982 2182 2050 2247 et
2084 2195 2223 2271 qua
2258 2173 2547 2269 fallacia

1258 2311 1376 2361 vos
1411 2310 1515 2360 me
1550 2310 1875 2384 reponere
1910 2287 2120 2360 vultis
2159 2287 2249 2360 ad
2288 2309 2522 2360 onera.

1355 2402 1494 2478 Pro
1531 2403 1722 2478 nullo
1763 2401 2037 2492 honore,
2073 2425 2203 2500 pro
2240 2403 2431 2476 nullo
2468 2399 2801 2476 commodo

1260 2518 1350 2592 ad
1377 2542 1652 2616 puqnas
1693 2529 1759 2592 et
1800 2519 1957 2592 lites
1992 2518 2223 2592 redire
2258 2520 2479 2615 capia,

1249 2657 1378 2731 pro
1413 2633 1600 2708 vobis
1635 2635 1888 2709 iterum
1923 2635 2168 2733 deponi
2202 2657 2430 2722 caveo,

1257 2752 1610 2847 maqistris
1639 2751 1906 2853 placeo,
1954 2750 2131 2825 absit
2166 2750 2471 2847 offensio,

1417 2994 1540 3060 De
1583 2994 1959 3101 Johanne
2006 2992 2614 3062 archidiacono.

1352 3216 1544 3286 Tunc
1578 3212 1869 3309 quidam
1898 3212 2247 3289 Johannes
2280 3210 2837 3297 amhidiaconus,

1251 3325 1343 3399 de
1377 3326 1652 3425 magnis
1687 3326 1875 3401 inter
1910 3352 2040 3402 nos
2076 3336 2277 3401 ortus
2311 3325 2747 3425 parentihuS‚

1250 3442 1676 3540 quibusdam
1711 3468 1959 3519 eorum
1995 3441 2589 3518 instimulantibus

1251 3558 1522 3631 laborat
1555 3558 1940 3656 plurimum
1975 3567 2055 3633 ut
2090 3559 2181 3633 sit
2217 3558 2617 3658 episcopus.

1346 3679 1714 3750 Monentur
1750 3675 1985 3771 cleriei
2022 3683 2102 3751 ut
2138 3700 2303 3750 eum
2337 3674 2599 3773 eligant

1249 3788 1586 3889 illumque
1622 3791 1980 3889 presulem
2018 3792 2149 3866 sihi
2188 3790 2578 3890 preficiant.

1249 3896 1494 3979 Clerici
1530 3908 1850 3981 nesciunt
1882 3907 2053 4004 quid
2084 3907 2248 3981 hinc
2282 3903 2783 4003 respondeant,

1248 4044 1412 4093 cum
1447 4020 1657 4095 nimis
1685 4021 2021 4121 juvenem
2056 4022 2249 4097 illum
2288 4021 2649 4119 aspiciant.

1347 4135 1524 4223 Quid
1559 4136 1694 4209 hoc
1732 4137 2079 4213 silendum
2116 4138 2267 4211 est?
2304 4136 2529 4236 patris
2566 4132 2909 4208 sollertiae
