3478 5438
992 494 1080 547 1³8

992 746 1130 815 443
1261 735 1266 749 ’

992 1201 1132 1276 444

991 1593 1130 1836 445

991 2130 1129 2202 446

989 2596 1129 2667 447

990 3003 1128 3131 ns

991 3521 1130 3590 449

991 3984 1129 4059 420

1940 489 2141 544 (insu

1426 647 1640 721 quam
1679 623 1780 698 sio
1812 627 1999 698 Deus
2034 623 2459 723 magnificat.

1522 743 1825 814 Mutatus
1858 738 1985 814 Dei
2018 737 2312 813 dextera

1428 855 1889 930 commutavit
1922 865 1993 930 et
2030 849 2249 954 opera

1427 996 1504 1048 se
1541 979 1881 1046 exercens
1916 996 2048 1070 per
2082 972 2317 1046 omnia

1422 1086 1781 1186 religionis
1812 1087 2083 1187 regula.

1521 1201 1854 1292 Quamvis
1887 1203 2077 1275 enim
2112 1201 2205 1276 sit
2241 1202 2457 1279 laicus

1422 1317 1600 1391 vivit
1633 1325 1873 1391 tamen
1910 1326 1987 1392 ut
2020 1319 2407 1396 monachus

1425 1457 1674 1506 oerens
1709 1433 2263 1531 proprietatibus

1423 1547 1811 1646 mundique
1846 1548 2299 1624 vanitatibus.

1521 1663 1748 1740 Vestit
1782 1663 1969 1738 enim
2006 1688 2083 1738 se
2120 1664 2353 1741 viliter

1298 1763 1306 1766 ’
1421 1786 1494 1853 et
1531 1779 1891 1879 componit
1929 1778 2311 1868 humiliter,

1275 1993 1286 2002 ·
1425 1919 1566 1968 non
1601 1894 1877 1992 profert
1913 1893 2135 1969 verba
2170 1895 2420 1972 leviter

1426 2010 1552 2085 sed
1589 2009 1958 2084 continens
1994 2011 2362 2112 sagaciter.

1520 2125 1783 2200 Divinis
1820 2150 2107 2224 semper
2142 2127 2417 2228 legibus

1421 2241 1785 2316 intendere
1822 2241 2161 2317 sollicitus

1423 2365 1546 2432 aut
1579 2357 1839 2432 sanctis
1874 2359 2017 2433 est¹
2058 2359 2132 2433 in
2166 2359 2497 2458 precibus

1425 2482 1544 2548 aut
1581 2474 1652 2548 in
1690 2474 1897 2548 bonis
1932 2475 2295 2572 operibus.

1516 2594 1746 2690 Super
1782 2591 2081 2666 virtutes
2114 2591 2285 2668 alias

1423 2707 1513 2783 ad
1548 2706 1908 2806 orphanos
1944 2714 2019 2782 et
2048 2707 2326 2797 viduas,

1419 2822 1510 2897 ad
1546 2822 1865 2920 hospites
1900 2830 1973 2897 et
2008 2822 2317 2925 advenas

1425 2946 1624 3013 curat
1660 2938 1835 3012 dare
1870 2938 2323 3015 substantias.

1519 3058 1781 3129 Servus
1818 3054 1943 3129 Dei
1978 3062 2051 3128 et
2086 3053 2455 3131 hominum

1421 3168 1763 3244 obediens
1798 3179 1909 3245 est
1944 3169 2241 3245 nimium

1422 3285 1809 3383 receptioni
1841 3310 2239 3384 pauperum

1423 3426 1502 3477 se
1538 3400 1877 3475 inclinans
1912 3408 1994 3475 ut
2025 3401 2388 3477 famulum.

1521 3520 1696 3590 Nam
1731 3516 1885 3615 ipse
1924 3516 2193 3592 nullum
2228 3518 2527 3618 despicit

1425 3632 1550 3709 sed
1586 3658 1769 3729 eque
1805 3656 2057 3708 omnes
2094 3634 2371 3733 recipit,

1423 3749 1871 3849 amplectitur
1906 3756 1979 3823 et
2013 3747 2266 3850 diligit,

1425 3867 1614 3940 lavat
1643 3864 1867 3962 pedes
1904 3874 1979 3940 et
2014 3865 2265 3941 reficit.

1521 3980 1712 4055 Sicut
1748 3988 2022 4081 patrem
2058 3980 2159 4056 sic
2193 4004 2607 4081 pauperem,

1065 4240 1113 4294 1.
1155 4244 1251 4295 εει.
1288 4237 1447 4295 Dans
1479 4236 1533 4293 le
1560 4254 1669 4293 ms.
1704 4238 2013 4295 aiu-dossas
2042 4238 2111 4295 de
2142 4238 2196 4295 la
2222 4238 2394 4311 ligne.
