3478 5438
843 448 936 501 214
1799 446 2005 499 enfin

1281 585 1357 652 et
1386 579 1504 676 qui
1544 585 1747 652 erant
1781 576 1923 652 fide
1961 578 2070 652 sui

1281 692 1599 767 infideles
1630 691 1988 780 constitui,

843 814 988 888 283
1380 807 1761 905 alloquitur
1795 805 2230 904 pontificem,

1279 923 1490 998 offert
1525 945 1814 997 omnem
1841 921 2221 1022 justiciam,

1280 1047 1537 1137 optans
1572 1047 1990 1113 cunctorum
2025 1037 2302 1113 solitam

1280 1162 1525 1229 tenere
1560 1153 1966 1228 amicitiam.

843 1269 988 1347 284
1378 1269 1600 1344 Offert
1637 1292 1924 1366 quoque
1960 1277 2273 1343 castrum
2307 1266 2512 1343 reddi

1280 1384 1354 1457 in
1392 1383 1715 1458 manibus
1752 1383 2094 1482 episcopi,

1282 1508 1564 1573 servato
1592 1500 1753 1599 jure
1789 1498 2010 1573 debiti

1281 1613 1473 1712 quod
1512 1614 1797 1688 heredis
1833 1621 1942 1688 est
1979 1614 2298 1689 Gerardi.

847 1734 991 1808 285
1381 1728 1581 1819 Quod
1620 1730 1922 1805 offertur
1957 1754 1998 1803 a
2033 1733 2338 1827 Symone

1283 1844 1530 1919 nolunt
1567 1843 1759 1919 cives
1794 1844 2114 1942 recipere

1284 1961 1416 2034 nisi
1452 1959 1728 2034 favente
1763 1958 2022 2033 comite

1281 2075 1394 2151 cui
1431 2074 1647 2150 fidem
1674 2075 2033 2174 juravere.

846 2190 990 2266 286
1379 2194 1503 2264 Est
1537 2188 1671 2263 ista
1706 2212 1825 2264 res
1858 2188 2201 2264 mirabilis

1282 2303 1353 2375 in
1392 2303 1526 2378 hoe
1562 2304 1755 2401 quod
1792 2305 2008 2378 fidem
2043 2304 2322 2379 comitis

1280 2418 1624 2517 optabant
1660 2444 1947 2495 servare
1984 2420 2212 2520 magis

1280 2559 1497 2633 quam
1530 2535 1838 2633 presulis
1873 2544 1944 2609 et
1979 2537 2330 2633 Symonis.

841 2652 986 2728 287
1379 2649 1623 2725 Omnis
1657 2659 1850 2726 terra
1887 2651 2277 2728 admiratur

1281 2765 1475 2864 quod
1512 2776 1718 2841 vetus
1755 2767 1935 2843 fides
1970 2767 2251 2843 labitur.

1276 2904 1461 2955 nova
1497 2907 1672 2956 vero
1707 2883 2030 2983 erigitur,

1275 2997 1404 3072 sed
1437 2997 1550 3074 cui
1583 3000 1811 3099 magis
1846 2999 2163 3074 creditur

1273 3121 1470 3186 stans
1504 3113 1716 3188 hodie
1751 3137 1912 3188 cras
1947 3113 2322 3214 frangitur.

835 3227 980 3302 288
1369 3226 1629 3305 videns
1663 3232 1928 3328 Symon
1964 3240 2211 3305 mutus
2244 3231 2446 3305 miles

1272 3343 1467 3441 quod
1503 3343 1639 3417 viri
1675 3347 2215 3421 Cameracenses

1271 3458 1497 3533 effecti
1538 3468 1704 3534 sunt
1738 3460 1848 3534 sui
1882 3462 2126 3537 hostes

1269 3581 1341 3646 et
1377 3573 1451 3647 in
1488 3574 1679 3649 nullo
1715 3585 1869 3650 tuta
1903 3578 2111 3664 fides,

835 3690 980 3765 289
1371 3698 1601 3765 castra
1640 3716 1767 3766 sua
1804 3693 2031 3792 magis
2066 3693 2329 3782 firmat,

1269 3805 1455 3879 levat
1487 3831 1733 3881 muros
1767 3815 1842 3881 et
1878 3808 2215 3882 reformat

1187 3945 1195 3952 ·
1270 3946 1551 4019 queque
1584 3925 1830 4010 fracta,
1874 3949 2152 4022 queque
2185 3923 2382 4022 lapsa

1268 4037 1578 4112 restituit
1609 4047 1681 4112 et
1715 4039 2072 4114 emendat.
