3478 5438
1285 505 1674 558 Bur-omnm.
1706 507 1744 556 1.

904 643 1123 717 vitam
1159 649 1400 715 notam
1437 640 1814 715 ostendere

904 757 1219 834 fidelium
1255 756 1578 830 noticiae.

1003 873 1147 949 Sub
1185 872 1496 971 antiquis
1529 870 1975 971 temporibus

903 991 1014 1063 vir
1049 990 1182 1064 iste
1218 989 1308 1063 de
1345 989 1758 1087 parentibus

905 1113 1106 1180 ortus
1139 1103 1270 1179 fuit
1303 1103 1825 1200 venerabilibus

906 1220 1260 1297 Cameraoi
1299 1219 1773 1294 manentibus.

1001 1336 1128 1426 Qui
1169 1343 1242 1409 et
1277 1336 1350 1408 in
1386 1333 1690 1433 pueritia

906 1460 977 1525 et
1012 1452 1082 1524 in
1118 1449 1586 1524 adolescentia

907 1566 1157 1665 plenus
1193 1565 1326 1639 fuit
1363 1589 1494 1663 per
1528 1564 1768 1639 omnia

905 1680 1316 1768 humilitatis
1351 1679 1636 1780 gratia..

1004 1804 1181 1872 Nam
1216 1796 1387 1871 dum
1423 1820 1630 1895 puer,
1673 1794 1848 1869 dum
1882 1794 2250 1894 parvulus,

910 1913 1082 1989 dum
1110 1913 1420 2013 juveni8‚
1461 1921 1544 1986 ut
1575 1911 1877 1988 famulus

911 2039 984 2104 et
1018 2054 1182 2104 oum
1216 2030 1299 2103 fit
1333 2028 1448 2103 vir
1483 2038 1563 2102 ut
1598 2028 1889 2103 callidus

908 2144 1379 2220 famulabatur
1415 2143 1772 2218 omnibus.

1005 2265 1154 2335 Hoc
1188 2285 1407 2358 opere
1443 2261 1845 2358 gratissimo

909 2377 1136 2475 placet
1171 2375 1376 2450 urbis
1412 2375 1753 2461 domini0‚

913 2491 1144 2590 placet
1177 2490 1370 2564 clero
1405 2499 1476 2563 et
1513 2489 1807 2587 populo,

912 2615 1059 2680 tam
1094 2605 1353 2680 minori
1391 2629 1605 2702 quam
1641 2603 1983 2679 maxime.

1007 2722 1363 2799 Emortuis
1396 2719 1809 2820 parentibus

909 2839 1249 2915 remansit
1282 2839 1396 2914 hic
1426 2839 1869 2937 juvenculum

913 2953 1099 3028 inter
1134 2954 1406 3028 vicinos
1439 2952 1732 3041 habitat,

912 3094 990 3143 se
1027 3069 1356 3145 omnibus
1394 3068 1738 3156 humiliat,

911 3192 1102 3258 amat
1135 3172 1384 3259 omues
1421 3193 1494 3258 et
1527 3184 1907 3284 approbat,

911 3297 1180 3375 nullum
1217 3298 1460 3373 ledens
1495 3299 1963 3399 improperat.

1011 3414 1118 3489 Ad
1157 3438 1368 3489 omne
1403 3438 1628 3515 genus
1662 3414 2027 3492 hominum

914 3533 1214 3609 verbum
1251 3530 1530 3630 profert
1563 3531 2051 3609 dulcissimum

916 3655 988 3719 et
1023 3646 1224 3743 quasi
1259 3672 1512 3722 servus
1548 3650 1869 3723 omnium

915 3762 1185 3837 cunctis
1222 3762 1432 3837 offert
1469 3764 1864 3838 servitium.

1012 3879 1232 3951 Porro
1265 3876 1540 3952 cuidam
1580 3877 1845 3952 homini

915 3996 1125 4067 Petro
1160 3992 1544 4089 plurimum
1578 3994 1779 4068 diviti

915 4107 1278 4207 conjunxit
1314 4133 1391 4182 se
1427 4109 1793 4208 multiplici

917 4246 1055 4319 pro
1090 4216 1316 4321 gratia
1352 4223 1651 4298 servicii.

2490 503 2577 558 1²23
