3478 5438
914 456 1011 510 232
1867 452 2074 502 GsssrA

1355 597 1430 662 et
1465 588 1568 663 sic
1600 588 1824 660 Deum
1861 576 2308 672 inhonorant,

1358 701 1459 823 sic
1496 702 1707 777 etiam
1745 700 2082 775 vilificant

1356 842 1773 917 quecunque
1807 822 1954 891 Deo
1991 816 2375 915 pertinent.

1195 1057 1319 1124 De
1363 1054 1580 1121 bello
1629 1052 1821 1120 ante
1869 1051 2453 1119 Grevlchorum
2496 1050 2740 1120 racto.

916 1256 1060 1332 403
1452 1257 1731 1329 Stantes
1767 1261 1930 1327 ante
1969 1252 2474 1329 Crevichorum

1352 1370 1527 1444 viris
1563 1370 1683 1467 qui
1720 1368 2099 1476 servabant
2136 1392 2301 1443 eum

1356 1510 1487 1583 per·
1522 1509 1741 1587 grave
1775 1482 2288 1583 turpiloquium

1358 1600 1880 1676 comminantur
1915 1599 2408 1697 suspendium.

918 1718 1062 1793 404
1454 1722 1653 1791 Intus
1686 1716 1876 1789 enim
1911 1715 2359 1791 manentibus

1358 1832 1782 1931 promittunt
1816 1832 1976 1905 altis
2011 1830 2304 1907 vocibus

1358 1948 1461 2023 sic
1494 1947 1649 2022 fieri
1685 1948 1778 2023 de
1813 1947 2144 2022 omnibus

1360 2066 1539 2139 sicut
1578 2065 1667 2138 de
1705 2064 2218 2162 proditoribus,

920 2180 1065 2255 405
1456 2179 1685 2256 Credo
1721 2180 1916 2279 quod
1953 2190 2208 2256 nocent
2242 2180 2565 2258 homines

1360 2304 1592 2370 tantae
1628 2296 2158 2370 maledictiones

1360 2418 1435 2485 et
1468 2419 1577 2485 tot
1610 2411 1655 2485 li
1663 2436 1891 2511 nguae
1926 2411 2260 2486 facientes

1358 2525 1706 2625 superbas
1741 2527 2346 2601 comminationes.

919 2639 1063 2715 406
1456 2640 1686 2719 Credo
1720 2641 1942 2740 quod,
1985 2643 2166 2717 sicut
2201 2642 2482 2744 legitur,
2600 2659 2609 2664 “

1358 2767 1519 2833 ante
1555 2782 1796 2832 casum
1833 2783 1958 2833 cor
1991 2759 2250 2834 letatur
2293 2787 2310 2832 ε

1356 2899 1523 2948 nam
1558 2874 1744 2950 risus
1781 2875 1901 2972 qui
1937 2874 2382 2973 pretenditur

1356 2989 1496 3063 cito
1534 2989 1604 3062 in
1640 2991 1888 3066 fletum
1923 2990 2250 3064 vertitur.

918 3102 1061 3178 407
1454 3104 1655 3182 Venit
1696 3122 2002 3204 namque
2038 3109 2300 3206 Symon
2341 3131 2512 3182 suus

1355 3221 1672 3295 mortalis
1704 3220 2158 3296 adversar-ius

1354 3345 1637 3410 centum
1677 3338 1825 3412 fere
1863 3336 2202 3412 militibus

1356 3475 1597 3526 secum
1634 3451 2245 3527 advenientibus¹.

993 3664 1040 3719 1.
1074 3662 1345 3720 Lambert
1364 3663 1435 3720 de
1456 3662 1752 3720 Watrelos
1780 3662 2030 3719 attribue
2063 3669 2188 3719 tout
2215 3661 2267 3719 le
2297 3663 2492 3718 succes
2521 3660 2590 3718 de
2619 3667 2768 3718 cette
2789 3661 3026 3734 joui-nee

918 3765 1029 3807 aux
1062 3759 1289 3824 troupes
1317 3751 1388 3808 de
1417 3769 1646 3809 secours
1684 3753 1969 3826 envoyees
2008 3768 2111 3824 par
2147 3751 2200 3808 le
2237 3758 2425 3810 comte
2461 3750 2532 3806 de
2561 3749 2825 3807 Flandro.
2868 3751 3031 3806 Nun—

916 3843 1129 3894 ciatum
1158 3847 1233 3895 est
1262 3841 1483 3897 Simoni
1510 3845 1836 3904 castellana,
1872 3838 2062 3913 dit-il,
2092 3858 2129 3895 a
2158 3841 2494 3911 quibusdam
2521 3843 2874 3896 communi-ae
2894 3855 3029 3910 pro-

914 3932 1133 3998 qressis.
1185 3932 1294 3998 Qui
1338 3947 1466 3984 mom
1508 3933 1602 3985 sui
1646 3932 1721 3984 ad
1775 3932 2064 3985 auxilium
2120 3931 2442 3986 Michaelem
2499 3933 2715 3985 comitis
2767 3930 3030 3985 Flandrie

914 4020 1269 4087 siynz's'erum.
1303 4023 1403 4088 qui
1432 4022 1549 4074 illis
1578 4022 1641 4073 in
1668 4020 1858 4074 diebus
1887 4021 2038 4090 apud
2058 4019 2314 4075 Solusam
2341 4020 2691 4087 morabatur,
2724 4035 2854 4074 cum
2879 4021 3028 4073 mili·

917 4109 1063 4162 tibus
1102 4111 1222 4162 suis
1260 4111 1573 4173 accersivit,
1621 4110 1684 4162 de
1728 4113 2065 4178 arroyantia
2113 4110 2358 4165 hostium
2410 4110 2712 4170 instruxit,
2762 4111 3027 4161 secretum

914 4197 1251 4251 nunciatum
1277 4198 1330 4252 oi
1356 4199 1635 4252 revelavit.
1667 4199 1852 4266 Iyt‘tur
1879 4201 1970 4253 vir
1996 4199 2259 4270 prudens,
2293 4200 2474 4254 armis
2501 4197 2783 4259 eruditus,
2827 4199 3026 4250 cuncta
