3478 5438
997 463 1082 516 13⁴
1954 459 2161 512 GESTA

1042 601 1134 674 82
1525 595 1919 690 statuitque
1956 593 2389 691 quamtotius

1427 711 1517 786 de
1555 711 1700 784 suis
1739 709 2187 785 facultatibus

1425 827 1854 902 sufficientes
1890 825 2215 902 redditus

1425 942 1496 1015 in
1533 941 1932 1019 detinendis
1965 942 2305 1040 pontibus
2348 970 2363 1015 :

1040 1064 1132 1133 83
1526 1055 1724 1132 dedit
1760 1057 1951 1132 enim
1988 1056 2364 1133 aecclesiae

1427 1171 1649 1271 sancti
1686 1173 2010 1248 Autberti
2046 1173 2347 1272 proinde

1427 1288 1743 1386 hospites
1782 1287 2026 1388 viginti
2064 1289 2376 1388 quinque

1429 1404 1502 1477 in
1541 1404 1977 1502 sempiterno
2013 1412 2343 1503 tempore

1043 1521 1135 1594 84
1527 1519 1708 1594 infra
1743 1518 1998 1594 urbem
2034 1521 2390 1595 Cameraci

1429 1634 1564 1708 sub
1600 1633 2001 1710 conditione
2038 1634 2159 1708 tali

1429 1749 1621 1848 quod
1661 1775 1825 1824 cum
1860 1773 2147 1828 necesse
2182 1749 2391 1824 fuerit

1429 1866 1649 1942 abbas
1687 1875 1945 1964 pontes
1978 1866 2378 1940 renovabit.

1045 1987 1136 2055 85
1528 1980 2053 2059 werimboldus
2088 1983 2461 2059 consilium

1430 2097 1617 2172 istud
1653 2096 1923 2170 invenit
1957 2098 2333 2195 optimum,

1431 2213 1806 2288 aecclesiae
1843 2213 2223 2288 utillimum

1430 2337 1502 2402 et
1537 2328 1672 2402 sibi
1709 2327 2259 2404 saluberrimum
2301 2357 2317 2403 :

1042 2447 1134 2519 86
1526 2444 1648 2542 qui
1683 2445 1910 2519 voluit
1942 2444 2074 2520 hec
2110 2470 2406 2522 munera

1427 2569 1508 2635 ut
1541 2560 1861 2658 predicta
1895 2560 2234 2637 aecclesia

1429 2677 1502 2751 in
1538 2685 1863 2752 eternum
1894 2675 2259 2775 possideat

1428 2800 1501 2867 et
1533 2792 1698 2867 hinc
1732 2802 1989 2893 pontes
2024 2792 2373 2868 restituat.

1041 2914 1132 2983 87
1523 2914 1691 2983 Post
1723 2907 1896 2984 illud
1935 2908 2351 2983 beneficium

1427 3024 1953 3102 werimboldus
1988 3024 2079 3098 ad
2116 3025 2411 3099 alterum

1425 3165 1609 3239 opus
1643 3140 1874 3215 tendit
1908 3140 2430 3215 sanctissimum

1425 3265 1726 3355 propter
1761 3281 2083 3332 amorem
2119 3281 2539 3355 pauperum.

1040 3376 1130 3445 88
1521 3372 1654 3461 Qui
1692 3396 1828 3470 pro
1864 3372 2089 3445 salute
2122 3371 2396 3446 animae

1423 3485 1791 3561 residuum
1825 3487 2161 3587 pecuniae

1422 3602 1816 3701 gratulatur
1851 3600 2277 3699 dispendere

1423 3718 1783 3817 egentium
1818 3718 2179 3793 miseriae.'

1037 3834 1128 3904 89
1520 3833 1630 3910 Ad
1665 3842 1946 3908 sanctae
1982 3834 2224 3908 Crucis
2259 3833 2519 3907 atrium

1422 3959 1574 4024 erat
1609 3950 1729 4025 Dei
1769 3950 2189 4049 hospitium¹

1059 4145 1108 4200 1.
1147 4143 1518 4215 Homul-Dieu,
1547 4144 1787 4219 hopital,
1818 4144 2050 4218 hospice
2076 4152 2287 4218 (comp.
2320 4144 2449 4217 plus
2468 4143 2591 4215 bas,
2620 4150 2720 4201 str.
2747 4143 2837 4213 92,
2860 4143 2950 4216 94,
2974 4144 3087 4215 100,

988 4232 1108 4302 101,
1143 4234 1266 4305 102,
1299 4235 1421 4305 111,
1454 4233 1536 4291 les
1563 4230 1927 4307 expressions
1956 4243 2349 4308 synonymes).
