3478 5438
1344 463 1625 517 mooun.
2445 472 2536 525 2¹1

428 600 559 677 264
962 598 1280 687 Querunt
1310 596 1719 673 fismitatem
1751 598 1946 696 pods

864 734 1001 809 pro
1034 720 1384 809 potestate
1420 714 1747 813 Syrnonis

864 834 938 902 et
973 852 1107 926 pro
1144 828 1413 903 cunctis
1446 828 1749 905 inimicis

862 942 1059 1023 salvo
1096 941 1367 1018 honore
1400 944 1733 1041 presulis·

426 1060 571 1137 262
960 1063 1115 1133 Non
1149 1058 1341 1133 enim
1375 1058 1625 1133 volunt
1656 1059 1880 1135 minui

862 1172 1207 1248 honorem
1242 1173 1352 1247 sui
1386 1172 1659 1249 domini

862 1287 991 1363 sed
1026 1295 1106 1363 ut
1137 1288 1209 1361 in
1246 1312 1421 1386 pace
1458 1288 1693 1365 stabili

860 1402 953 1479 ab
985 1403 1297 1501 undique
1332 1403 1473 1479 sint
1506 1403 1748 1502 positi.

421 1521 565 1597 263
954 1524 1205 1595 Jumnt
1240 1542 1489 1595 omnes
1524 1518 2020 1607 communiter,

858 1632 1013 1732 ipse
1048 1632 1515 1709 Montensium
1550 1657 1794 1709 comes

858 1756 935 1823 et
968 1749 1185 1823 casati
1219 1756 1295 1822 et
1328 1749 1589 1825 milites

860 1871 1073 1961 atque
1107 1864 1461 1940 cameraci
1496 1864 1715 1953 cives,

423 1976 567 2056 264
956 1978 1153 2076 quod
1187 2002 1441 2055 eorum
1475 1979 1700 2054 hostis
1732 1979 1869 2053 erit

858 2093 981 2192 qui
1018 2094 1379 2169 castellum
1416 2093 1857 2171 Sanctoberti

859 2208 1153 2285 introire
1189 2209 1707 2307 presumpserit

858 2326 995 2400 nisi
1025 2326 1159 2426 ipsi
1198 2326 1677 2425 concesserint
1720 2354 1737 2399 :

417 2443 563 2519 265
952 2450 1027 2517 et
1061 2441 1229 2518 inde
1262 2466 1341 2517 se
1376 2442 1798 2519 alterutrum

854 2556 1151 2633 viriliter
1186 2556 1623 2657 adjuvabunt

856 2678 928 2747 et
961 2671 1233 2748 tamdiu
1267 2672 1808 2750 Sanctobertum

857 2789 1225 2862 unanimes
1260 2787 1691 2864 obsidebunt

418 2905 564 2982 266
952 2903 1181 2978 donec
1212 2901 1397 2980 fame
1432 2903 1820 2978 defecerint

854 3017 979 3118 qui
1010 3027 1321 3093 castrum
1356 3017 1820 3097 custodierint

853 3141 974 3208 aut
1008 3159 1087 3208 se
1120 3133 1287 3208 victi
1322 3133 1768 3210 reddiderint

853 3273 1035 3346 quos
1068 3271 1507 3348 repugnasse
1542 3247 1900 3326 noverint.

861 3505 985 3570 De
1031 3503 1453 3572 obsidione
1502 3501 2084 3570 Sanotoberw.

416 3730 562 3805 267
951 3737 1140 3832 Ergo
1176 3732 1415 3831 presul
1455 3739 1836 3831 propterea

853 3869 1111 3945 magna
1145 3869 1437 3944 pressus
1470 3847 1793 3946 angustia

489 4110 541 4166 ἱ.
572 4109 684 4168 Les
712 4109 1087 4168 &enemente
1112 4111 1213 4184 qui
1242 4111 1477 4170 suivent
1502 4111 1623 4184 (atr.
1654 4111 1892 4170 267·str.
1925 4112 2047 4184 446)
2080 4118 2212 4170 sont
2235 4111 2528 4188 rapport&

417 4212 520 4270 par
545 4197 818 4256 Lambert
842 4198 915 4254 de
942 4198 1237 4258 Watrelos
1264 4199 1299 4256 ὲ
1325 4199 1550 4258 l’annee
1579 4200 1715 4258 1138
1749 4201 1821 4274 (p.
1846 4201 2130 4274 514-515);
2161 4201 2310 4258 mais
2337 4201 2375 4258 il
2407 4199 2528 4257 faut
