3478 5438
957 467 1042 522 164

948 952 1092 1027 ⁴40

949 1533 1090 1608 ⁴45

950 2463 1090 2534 450

947 3042 1092 3114 ⁴55

947 3619 1089 3690 ⁴60

1905 467 2115 520 GsssTA

1241 614 1478 680 cetera
1507 604 1720 680 etiam
1756 603 1865 678 his
1900 601 2399 702 appendentia.

1297 725 1553 796 -Tenet
1581 727 1660 795 ut
1695 743 1946 794 servos
1980 727 2263 818 gentem
2298 717 2653 817 pontificis
2696 746 2713 789 :

1238 846 1433 911 taxat
1468 861 1592 912 eos
1622 835 1827 910 annis
1860 835 2081 910 tercio
2116 833 2438 934 singulis.

1337 953 1617 1028 Habeas
1650 951 1765 1028 vel
1802 975 1946 1024 non
1983 949 2251 1025 habens
2284 973 2529 1024 rerum
2564 948 3020 1026 substantiam

1239 1069 1480 1170 nequit
1513 1059 1676 1144 ante
1709 1068 1949 1166 ipsum
1982 1065 2245 1142 habere
2280 1066 2625 1164 requiem.

1335 1189 1485 1259 Hoc
1514 1183 1884 1272 damnum,
1916 1183 2053 1257 hoc
2079 1183 2349 1257 crimen
2380 1183 2701 1280 hancque
2725 1180 3056 1256 malitiam

1237 1309 1492 1377 cuncta
1523 1300 1864 1376 accidisse
1899 1298 2146 1375 dicunt
2179 1323 2313 1398 per
2346 1298 2733 1398 presulem,

1335 1441 1424 1490 eo
1455 1415 1651 1515 quod
1685 1415 1949 1490 trevias
1986 1416 2161 1490 dare
2192 1414 2514 1490 noluerat

1239 1541 1310 1607 et
1345 1531 1538 1632 quod
1575 1530 2001 1638 colloquium
2038 1555 2179 1606 non
2218 1539 2739 1630 expectaverat.

1471 1785 1596 1852 De
1643 1785 1997 1869 symone
2040 1786 2525 1853 castellano.

1337 1996 1632 2094 Symon,
1673 1992 2029 2068 castellani
2064 1992 2381 2092 Hugonis
2412 1991 2599 2068 filius
2615 1993 2633 2038 ¹
2649 2049 2668 2075 ,

1239 2109 1490 2185 videns
1523 2108 1864 2184 malitiam
1898 2133 2116 2209 quam
2148 2109 2313 2183 facit
2347 2107 2705 2186 Gerardus

1333 2234 1409 2301 et
1442 2225 1627 2302 nolle
1663 2227 2073 2325 quempiam
2101 2250 2239 2324 pro
2274 2251 2405 2302 suo
2440 2223 2721 2325 presule

1237 2341 1334 2418 illi
1371 2341 1710 2441 pestifero
1745 2342 1963 2416 armis
1996 2341 2355 2430 resistere,

1333 2483 1468 2557 per
1503 2457 1991 2533 fortitudinem
2025 2456 2633 2535 cameracensium

1235 2582 1309 2648 et
1338 2598 1470 2671 per
1505 2572 1793 2648 militiae
1827 2571 2087 2648 fortem
2120 2571 2511 2648 exercitum

1333 2688 1596 2767 ardens
1631 2699 1704 2767 et
1737 2691 2026 2791 rapiens
2060 2689 2414 2767 consumit
2448 2687 2710 2777 omnia,

1235 2830 1516 2905 queque
1554 2806 1848 2883 Gerardi
1884 2816 2051 2883 sunt
2086 2815 2155 2883 et
2190 2807 2412 2883 multa
2446 2806 2605 2897 alia,

1333 2920 1763 3021 ubicumque
1793 2922 2061 2999 victum
2095 2925 2207 2999 sui
2242 2922 2575 2999 satellites

1239 3046 1313 3113 et
1348 3040 1742 3115 necessaria
1776 3038 2163 3138 carpebant
2200 3038 2498 3139 pedites.

1335 3159 1438 3229 De
1471 3155 1735 3229 nostris
1772 3164 1846 3230 et
1882 3156 2029 3231 suis
2064 3157 2271 3231 bonis
2303 3155 2705 3232 hominibus

1235 3270 1646 3369 frequenter
1676 3270 1978 3346 invicem
2012 3260 2597 3379 convenientibus

1333 3387 1520 3486 capti
1555 3395 1721 3461 sunt
1753 3385 2039 3485 plurimi
2075 3388 2419 3488 multique
2452 3386 2741 3476 mortui,

1233 3500 1348 3576 alii
1384 3502 1665 3591 divites,
1707 3501 2012 3577 mendici
2046 3504 2274 3579 alteri.

1335 3616 1690 3693 Gerardus
1726 3617 1964 3717 itaque
1998 3618 2217 3695 Malus
2248 3619 2539 3694 filiaster

1235 3732 1332 3807 ita
1370 3734 1750 3809 novissime
1784 3758 2061 3833 pauper
2094 3734 2387 3810 effectus
2418 3743 2529 3809 est

1334 3847 1527 3945 quod
1563 3846 1755 3947 apud
1787 3858 2105 3925 erectum
2136 3859 2385 3925 contra
2418 3872 2497 3925 se
2533 3852 2915 3950 Symonem

1014 4129 1064 4187 1.
1107 4128 1312 4189 Simon
1349 4130 1570 4207 d'Oisy,
1614 4132 1706 4191 fils
1748 4134 1821 4192 de
1850 4134 2089 4208 Hugues
2119 4134 2180 4193 Π
2208 4134 2431 4209 d’Oisy,
2468 4140 2531 4193 et
2564 4150 2668 4209 par
2700 4132 3050 4209 consequent

943 4216 1258 4277 heau-frere
1281 4218 1354 4277 de
1375 4219 1592 4280 Get-ard
1613 4221 1935 4283 Maufflatre
1956 4228 2166 4299 (comp.
2198 4225 2327 4299 plus
2356 4224 2517 4295 haut,
2548 4230 2684 4281 note
2710 4238 2785 4281 au
2814 4238 2871 4280 v.
2904 4220 3044 4293 100).
