3478 5438
989 513 1078 566 1⁴20
1944 507 2150 560 GESTA

983 645 1472 733 dentissimuS,
1545 643 1670 741 qui
1733 640 1977 718 noluit·
2008 641 2353 718 assentire
2410 641 2613 717 factis
2669 642 2763 718 de
2820 645 3107 719 castello

980 760 1590 850 concessionibus,
1656 758 1877 840 immo
1936 756 2107 833 illud
2166 781 2331 832 cum
2386 758 2787 834 castellania
2837 760 2911 833 in
2960 760 3105 836 suis

979 877 1270 954 retinuit
1303 875 1658 952 manibuS.
1701 879 1881 950 Ecce
1915 873 2111 948 venit
2148 873 2271 972 qui
2306 873 2671 973 presulem
2706 899 2849 949 non
2886 901 3105 951 nove-

977 1004 1117 1085 rat,
1149 1019 1314 1070 ecce
1340 992 1535 1094 venit
1561 1001 1930 1089 tamquam
1956 991 2227 1066 Pharao
2256 989 2379 1088 qui
2407 991 2670 1090 Joseph
2698 991 3097 1092 ignorabat,

978 1137 1144 1190 ecce
1195 1110 1461 1210 presuli
1509 1109 1765 1184 coescit
1812 1106 2017 1182 labor
2065 1115 2137 1182 et
2188 1105 2697 1183 detrimentum
2714 1165 2733 1196 ,
2798 1109 2966 1206 quia
3012 1107 3103 1182 de

977 1226 1432 1304 concessione
1467 1223 1775 1300 defuncti
1812 1223 2088 1298 comitis
2135 1222 2491 1298 neminem
2534 1223 2783 1300 habuit
2826 1233 3105 1300 susten-

975 1352 1280 1418 tatorem
1325 1350 1575 1416 contra
1617 1341 1857 1439 ipsum
1900 1339 2237 1414 Karolum
2282 1339 2561 1414 noviter
2608 1341 3095 1416 constitutum.

973 1459 1262 1533 Noviter
1301 1456 1491 1531 enim
1507 1456 1973 1533 ‚introductus
2013 1479 2264 1529 omnes
2312 1479 2659 1554 occupare
2696 1457 3103 1555 concupivit

974 1571 1294 1648 redditus
1330 1579 1404 1647 et
1436 1570 1776 1660 honores,
1818 1593 2283 1667 quoscunque
2320 1570 2393 1642 in
2430 1569 2576 1643 vita
2614 1593 2745 1643 sua
2758 1569 2953 1670 juste
2986 1572 3099 1646 vel

973 1687 1230 1786 injuste
1257 1694 1630 1762 tenuerant
1653 1686 1876 1784 ipsius
1896 1684 2473 1784 predecessores.
2508 1683 2639 1774 Qui
2662 1686 2847 1760 inter
2864 1695 3100 1760 cetera

974 1827 1156 1901 quae
1206 1825 1300 1876 ex
1349 1799 1644 1878 consilio
1699 1801 2018 1876 fidelium
2074 1799 2526 1899 disposuerat
2540 1857 2559 1888 ‚
2628 1797 3099 1878 castellaniam

843 1927 846 1934 '
971 1916 1284 1992 reddidit
1308 1917 1584 2017 Hugoni
1611 1917 2018 2005 castellano,
2043 1941 2129 1990 eo
2146 1917 2305 2017 jure
2327 1925 2401 1990 et
2418 1916 2711 1991 servitio
2736 1943 2883 2016 quo
2902 1917 3099 2017 prius

974 2057 1132 2108 eam
1181 2042 1506 2108 tenuerat
1553 2033 1644 2109 de
1703 2034 1849 2106 suis
1912 2032 2574 2132 predecessoribus»,
2640 2033 2731 2108 de
2782 2033 3095 2109 Roberto

973 2149 1236 2224 scilicet
1271 2157 1342 2224 et
1377 2148 1718 2224 Balduino
1764 2149 1910 2222 filio
1956 2148 2107 2249 ejus
2146 2148 2635 2224 Flandriarum
2682 2147 3085 2224 comitibus.

969 2263 1168 2339 Unde
1213 2263 1456 2361 presul
1498 2263 1749 2338 dolens
1788 2269 1869 2335 et
1918 2258 2233 2362 graviter
2276 2286 2719 2359 conquerens
2764 2263 3095 2338 convenit

971 2379 1204 2477 ipsum
1262 2378 1741 2454 venerabilem
1800 2378 2175 2453 comitatus
2238 2401 2724 2452 successorem
2788 2387 2863 2454 et
2930 2403 3091 2454 cum

968 2520 1263 2596 magnae
1317 2494 1727 2570 humilitatis
1780 2493 2159 2571 devotione
2217 2518 2421 2569 suam
2468 2494 2783 2592 quesivit
2828 2495 3088 2570 habere

967 2613 1266 2713 gratiam
1311 2619 1384 2686 et
1427 2635 1645 2710 super
1689 2610 1940 2686 ablatis
1984 2610 2572 2686 misericordiam.
2626 2611 2757 2702 Qui
2802 2611 3086 2688 tandem

970 2736 1370 2803 commotus
1433 2737 1580 2803 tam
1643 2727 1939 2802 servitio
2002 2727 2307 2826 presulis
2370 2727 2626 2823 quam¹
2698 2726 3085 2803 amicorum

966 2841 1299 2940 precibus
1315 2898 1332 2931 ,
1385 2840 1861 2916 castellaniam
1906 2840 2245 2929 retinens,
2294 2841 2655 2916 castellum
2712 2841 3025 2918 reddidit
3060 2871 3077 2915 z

965 2960 1060 3033 ita
1096 2966 1336 3033 tamen
1381 2956 1576 3055 quod
1623 2958 1682 3033 si
1727 2958 2109 3057 aliquando
2154 2957 2290 3033 sibi
2338 2956 2523 3032 foret
2569 2958 3046 3033 necessarium
3060 3017 3077 3046 ‚

962 3074 1032 3148 in
1070 3073 1326 3147 eodem
1360 3072 1654 3149 haberet
1690 3074 2002 3163 castello,
2046 3074 2229 3149 sicut
2260 3072 2666 3173 episcopuS,
2709 3084 2781 3149 et
2806 3074 3081 3173 plenam

961 3187 1296 3265 fiduciam
1315 3197 1402 3267 et
1436 3188 1644 3265 fidele
1691 3189 2071 3291 refugium.
2122 3192 2371 3267 Cetera
2416 3188 2587 3287 quid
2633 3188 2910 3267 dicam?
2954 3190 3083 3266 hoc

961 3312 1192 3380 totum
1229 3305 1332 3381 sic
1367 3312 1478 3381 est
1511 3328 1931 3381 concessum
1968 3306 2208 3403 sicque
2244 3306 2735 3384 constitutum.

1061 3426 1141 3493 8.
1192 3425 1315 3492 De
1345 3426 1691 3508 Hugone
1725 3425 2211 3493 castellano.
2253 3462 2353 3480 —
2386 3425 2556 3497 Post
2590 3422 2765 3497 haec
2800 3422 3007 3498 eitius
3042 3450 3081 3497 a

1037 3617 1089 3674 1.
1131 3617 1456 3674 Au·dcssus
1485 3616 1586 3674 des
1614 3625 1767 3674 mots
1788 3620 2033 3688 presulis
2058 3634 2231 3689 quam
2259 3632 2339 3675 on
2364 3615 2431 3674 lit
2457 3616 2601 3675 dans
2632 3618 2686 3675 le
2720 3634 2833 3675 ms.
2864 3634 3079 3676 mareas

963 3706 1247 3762 ducentas.
1291 3704 1450 3763 Dans
1489 3704 1545 3763 la
1584 3705 1836 3764 Version
1876 3704 2155 3777 francaise
2196 3722 2343 3765 nous
2391 3714 2667 3765 trouvons
2712 3712 2878 3765 notre
2924 3714 3081 3767 texta

964 3794 1112 3853 ainsi
1142 3794 1322 3853 rendu
1345 3811 1358 3851 t
1386 3798 1702 3867 Nequedent
1717 3811 1825 3867 par
1836 3800 2055 3868 proiere
2074 3798 2137 3853 de
2155 3814 2236 3854 sss
2254 3801 2399 3854 amis
2418 3802 2471 3854 et
2482 3814 2631 3869 pour
2648 3796 2757 3855 200
2776 3814 2963 3856 mares
2980 3816 3081 3870 que

964 3886 1009 3939 li
1044 3900 1285 3955 evesques
1325 3887 1371 3941 li
1409 3886 1601 3951 baina,
1644 3888 1689 3941 il
1727 3888 1816 3942 lui
1854 3887 2042 3942 rendit
2083 3890 2131 3942 le
2168 3890 2356 3943 castici
2391 3903 2461 3943 en
2501 3887 2807 3944 cambresis
2848 3889 2921 3960 (p.
2956 3886 3078 3959 522,

961 3988 1022 4027 n.
1063 3970 1171 4045 35).
1203 3970 1254 4028 11
1287 3988 1327 4045 y
1361 3988 1397 4029 a
1435 3988 1569 4030 sans
1607 3972 1781 4031 doute
1817 3988 1933 4030 une
1972 3970 2274 4031 confusion
2324 3972 2395 4031 de
2430 3972 2583 4031 deux
2618 3971 2751 4031 faits
2786 3972 3079 4031 differente

962 4059 1106 4116 dans
1133 4057 1189 4116 la
1211 4059 1538 4133 Chronique
1566 4060 1637 4120 da
1659 4060 2075 4133 Saint-Andre,
2100 4065 2175 4119 οὺ
2196 4059 2239 4118 il
2266 4064 2356 4118 est
2380 4060 2501 4119 dit:
2527 4064 2629 4119 Hic
2660 4061 3075 4131 [Burchardus]

959 4165 998 4205 a
1024 4152 1218 4205 comite
1245 4151 1539 4217 Βαζάιιῡιο,
1574 4152 1712 4207 dum
1738 4152 2091 4222 aem-itudim
2123 4152 2353 4208 diutina
2356 4195 2466 4209 .....
2492 4154 2787 4219 laboraret,
2822 4169 2937 4209 non
2962 4157 3079 4209 sine

959 4240 1136 4305 pretio
1162 4253 1362 4308 maqno
1392 4240 1733 4294 consiliariis
1762 4244 1877 4310 ejus
1908 4242 2119 4307 collato,
2147 4242 2293 4297 hanc
2310 4244 2509 4296 villam
2536 4257 2663 4295 cum
2696 4244 2853 4297 turri
2878 4245 3077 4312 recepit

965 4324 1182 4394 (Chr-on.
1217 4324 1273 4383 S.
1307 4326 1508 4393 Andr„
1545 4342 1593 4383 c.
1629 4324 1721 4398 29,
1752 4342 1808 4399 p.
1840 4326 1985 4398 546).
