3478 5438
601 1113 606 1118 ’
726 1091 1134 1192 [GESTA
1203 1093 1931 1182 BURCHARDI.
1996 1087 2147 1192 1¹.]

547 1669 847 1754 Incipit
891 1672 991 1740 de
1037 1671 1328 1740 domno
1373 1669 1858 1737 Burchardo
1906 1669 2320 1752 episcopo.

473 1875 648 1950 Cum
683 1872 780 1948 sit
811 1871 984 1948 utile
1017 1879 1092 1947 et
1127 1871 1424 1972 dignum
1459 1869 1845 1946 memoria²
1874 1869 2055 1945 vitas
2083 1871 2497 1969 pontificum

368 1989 766 2090 incognitas
800 1987 1058 2063 futuris
1093 1988 1534 2063 innotescere
1569 1995 1642 2062 et
1675 1994 1877 2062 actus
1904 2009 2151 2061 eorum
2180 1987 2497 2062 celebres

369 2103 762 2194 declarare,
805 2103 1165 2202 quomodo
1201 2102 1510 2178 domnus
1533 2101 1983 2178 Burohardus
2016 2102 2091 2176 in
2128 2101 2497 2202 episcopa-

367 2229 528 2294 tum
575 2222 1152 2296 cameracensem
1201 2219 1617 2294 successerit
1633 2276 1652 2308 ,
1707 2217 2147 2318 qualiterque
2196 2218 2455 2294 vixerit
2470 2277 2489 2308 ,

365 2343 550 2432 quot
560 2359 782 2433 penas
801 2334 1236 2424 sustinuerit,
1257 2358 1401 2432 quo
1423 2334 1666 2408 labore
1679 2332 2005 2433 dispersa
2016 2333 2488 2433 recollegerit,

364 2475 512 2549 qua
561 2475 732 2526 cura
781 2450 1152 2524 recollecta
1207 2450 1598 2526 servaverit
1613 2507 1632 2540 ,
1699 2449 1789 2524 ad
1848 2450 2193 2524 honorem
2238 2450 2363 2524 Dei
2420 2460 2495 2524 et

365 2574 654 2642 sanctae
689 2565 826 2642 sibi
860 2567 1276 2642 commissae
1312 2565 1686 2641 aecclesiae
1723 2589 2119 2668 congruum
2146 2575 2256 2642 est
2290 2566 2493 2641 intel-

365 2683 589 2785 ligere
625 2692 699 2759 et
733 2683 1006 2761 audire.

1013 2886 1138 2954 De
1183 2886 1584 2953 electione
1631 2884 1841 2967 ejus.

475 3074 520 3139 1
535 3120 550 3135 ·
607 3072 772 3144 Post
796 3068 1208 3144 defunctum
1240 3069 1556 3144 Odonem
1592 3068 2007 3167 episcopum
2035 3070 2491 3143 Cameracen-

365 3208 524 3259 sem
539 3243 558 3275 ,
609 3210 900 3260 assensu
944 3183 1396 3284 imperatoris
1439 3193 1512 3259 et
1557 3183 1893 3259 canoniea
1938 3183 2274 3257 electione
2320 3183 2489 3256 cleri

364 3308 438 3374 et
465 3300 712 3400 populi
740 3299 830 3376 ad
861 3300 1350 3400 episcopatum
1378 3298 1751 3377 successit³
1782 3299 2179 3375 tricesimus
2205 3300 2487 3375 sextus⁴

439 3516 494 3571 1.
536 3514 736 3587 Comp.
767 3516 1172 3583 Introduction,
1207 3531 1369 3572 num.
1405 3516 1491 3572 15.

435 3602 492 3660 2.
524 3602 606 3660 Le
635 3602 850 3678 copiste
879 3620 914 3661 a
938 3603 1052 3660 mis
1081 3620 1156 3661 en
1185 3603 1492 3677 interligne
1525 3622 1538 3659 :
1571 3607 1654 3659 vol
1690 3606 2021 3671 [memorum

438 3691 493 3747 3.
534 3692 678 3749 L’an
707 3693 876 3763 1114,
916 3692 1139 3767 d’apres
1171 3692 1443 3751 Lambert
1469 3692 1542 3751 de
1568 3692 1866 3751 Watrelos
1893 3700 1972 3766 (p.
2006 3690 2131 3763 512)
2160 3698 2219 3749 et
2245 3689 2490 3749 l'auteur

363 3778 438 3837 dc
461 3779 782 3839 laVersion
807 3780 1090 3857 franoaise
1118 3782 1190 3841 dc
1215 3789 1382 3841 notre
1420 3781 1738 3856 chronique
1767 3790 1850 3855 (p.
1879 3780 2036 3854 521ss
2076 3778 2225 3837 mais
2254 3794 2317 3835 sa
2346 3794 2487 3837 con-

365 3866 652 3927 secration
679 3870 842 3927 n’eut
867 3870 986 3928 lieu
1011 3887 1126 3945 quc
1153 3870 1306 3929 deux
1333 3888 1440 3929 ans
1466 3870 1653 3947 apres,
1683 3886 1908 3929 comme
1938 3869 1980 3927 il
2006 3876 2095 3928 est
2121 3866 2361 3943 mat-que
2380 3868 2415 3925 ὃ.
2434 3866 2490 3925 la

367 3956 456 4013 fin·
477 3956 554 4015 du
583 3962 814 4031 present
841 3959 1120 4033 chapitre.

437 4046 492 4103 4.
533 4046 831 4105 Burchard
861 4064 1077 4122 occupo
1106 4064 1180 4107 en
1207 4048 1406 4109 realite
1443 4048 1498 4110 le
1535 4050 2031 4123 trente-septieme
2068 4064 2209 4121 rang
2246 4046 2390 4105 dans
2431 4046 2489 4103 la

368 4133 517 4191 serie
553 4134 654 4193 des
691 4136 937 4211 eveques
975 4136 1048 4196 de
1076 4138 1341 4197 Cambrai
1373 4142 1574 4215 (comp.
1607 4141 1754 4199 Gall.
1786 4142 2003 4207 christ„
2049 4144 2093 4195 t.
2126 4136 2245 4208 111,
2283 4153 2339 4210 p.
2372 4134 2480 4207 26).

369 4222 670 4283 Peut-etre
709 4233 871 4283 notre
911 4241 1200 4302 anonyme
1237 4228 1466 4287 n’a-t-il
1503 4246 1607 4303 pas
1644 4229 1871 4302 compte
1907 4244 1981 4285 au
2018 4225 2255 4285 nombre
2292 4222 2363 4281 de
2394 4238 2487 4280 ces
