3478 5438
1298 496 1577 549 mooun
2403 500 2494 553 219

446 720 675 803 Quod
720 718 955 787 cives
998 718 1320 787 domum
1366 716 1748 801 symoms
1793 716 2422 801 prostraverint.

388 926 465 995 34
484 926 529 995 9
920 920 1241 997 Universi
1278 920 1588 995 fatentur
1624 945 1700 993 se

824 1035 1139 1137 episcopi
1173 1036 1368 1109 viros
1404 1060 1561 1109 esse

824 1160 897 1227 et
930 1150 1194 1225 trevias
1231 1150 1321 1225 de
1360 1152 1665 1249 Symone

823 1268 1071 1342 nolunt
1104 1266 1170 1341 ei
1206 1264 1593 1341 concedere
1638 1292 1654 1339 :
1696 1270 1703 1277 ’
1979 1362 1985 1371 ⁸

388 1388 526 1462 320
920 1382 1047 1457 sed
1083 1406 1248 1456 cum
1284 1381 1409 1456 de¹
1451 1405 1624 1480 pace
1659 1380 1844 1457 illius

820 1508 893 1572 et
930 1497 1021 1572 de
1056 1496 1301 1571 treviis
1335 1494 1674 1595 loquitur,

820 1621 1019 1688 tanto
1052 1612 1280 1713 magis
1313 1612 1713 1689 irascuntur

822 1736 896 1801 et
928 1726 1169 1802 ledere
1204 1726 1616 1801 moliuntur.

388 1846 514 1921 32⁴
920 1841 1049 1932 Qui
1086 1840 1371 1939 Symoni
1412 1847 1492 1914 ut
1522 1839 1902 1915 ostendant

824 1983 991 2032 suae
1024 1956 1218 2055 pacis
1252 1956 1620 2042 incuriam,
1658 2027 1665 2033 .

823 2076 1367 2170 prostraverunt
1402 2069 1695 2145 domum
1734 2093 1936 2145 suam

821 2188 950 2261 hac
985 2186 1056 2259 in
1094 2184 1275 2260 urbe
1310 2184 1516 2259 valde
1552 2183 1815 2259 bonam

388 2306 529 2382 322
920 2327 1101 2400 quae
1136 2296 1430 2376 sedebat
1465 2302 1540 2375 in
1576 2308 1853 2383 sacrato

817 2425 1095 2492 sanctae
1131 2416 1385 2492 Mariae
1424 2416 1606 2491 atrio

819 2532 1019 2633 cujus
1055 2532 1286 2606 omnis
1322 2531 1626 2605 violator

820 2654 1235 2748 segregatur
1268 2672 1309 2721 a
1346 2644 1671 2722 Domino.

386 2767 526 2841 323
917 2762 1026 2839 Ab
1062 2762 1182 2836 illo
1214 2762 1327 2836 die
1364 2761 1623 2836 etenim

820 2902 965 2977 quo
1000 2877 1312 2952 dicatum
1347 2877 1694 2976 templum
1731 2875 1864 2951 suit

818 3002 983 3069 sunt
1017 2993 1435 3068 infractores
1470 2992 1629 3066 atrii

818 3134 1067 3184 omnes
1102 3107 1689 3184 excommunicati
1728 3135 1745 3181 :

384 3226 527 3303 324
918 3233 991 3299 et
1025 3225 1297 3299 ratione
1336 3225 1542 3324 legali

819 3364 1167 3438 nusquam
1203 3348 1504 3438 possunt
1538 3339 1864 3414 excusari

816 3481 946 3532 nec
981 3455 1265 3532 defendi
1302 3455 1472 3554 quin
1511 3453 1653 3529 sint
1689 3455 1790 3529 rei

816 3570 1585 3648 excommunicationis·
1839 3553 1844 3560 ¹

382 3690 521 3764 325
912 3685 1156 3762 Presul
1191 3710 1366 3760 vero
1404 3685 1519 3759 die
1555 3685 1670 3759 illa

821 3827 960 3901 qua
994 3802 1127 3876 fuit
1162 3801 1418 3876 domus
1455 3801 1690 3876 diruta

815 3918 906 3993 ad
940 3917 1310 3993 Thumium
1349 3922 1764 4015 perrexerat
1808 3941 1823 3986 :

450 4139 501 4196 1.
540 4140 623 4196 de.
658 4137 817 4197 Dans
842 4137 897 4196 le
922 4153 1033 4196 ms.
1065 4137 1365 4196 itu-dossas
1392 4137 1465 4194 de
1492 4137 1549 4194 la
1574 4135 1749 4209 ligne.
