3478 5438
955 419 1018 472 88
1913 411 2119 464 GESTA

958 547 1101 625 504
1493 543 1798 621 obertus
1835 542 2030 618 illum
2065 543 2340 643 recipit,

1392 666 1776 735 veneratur
1809 682 1893 732 ac
1927 657 2156 758 diligit

1394 776 1670 874 sibique
1704 773 1932 849 donec
1963 774 2188 848 voluit

1391 900 1624 968 totum
1659 915 1947 965 necesse
1981 887 2257 965 tribuit.

958 1012 1101 1083 505
1491 1011 1639 1080 Hoc
1673 1003 1930 1080 accidit
1965 1005 2235 1079 interea

1392 1121 1587 1219 quod
1622 1145 1752 1194 rex
1789 1128 2031 1195 noster
2063 1127 2512 1194 concesserat

1393 1244 1473 1310 ut
1506 1234 1857 1310 Robertus
1893 1235 1984 1310 de
2021 1234 2343 1310 Flandria

1390 1352 1573 1426 hanc
1602 1350 1860 1425 urbem
1895 1349 1985 1424 de
2017 1375 2096 1424 se
2129 1358 2392 1425 teneat.

959 1473 1101 1544 506
1495 1471 1718 1557 Quam
1753 1465 2075 1564 possedit
2107 1472 2183 1539 et
2215 1465 2463 1540 hebuit

1392 1583 1622 1658 donec
1656 1582 2046 1679 imperator
2081 1580 2261 1656 vixit

1390 1706 1762 1794 totumque
1799 1697 1994 1794 quod
2032 1704 2144 1771 est
2179 1697 2354 1798 regii

1322 1851 1325 1854 ·
1390 1813 1703 1912 suscepit
1741 1809 2119 1888 beneficii&

956 1936 1098 2005 507
1490 1928 1643 2005 Odo
1680 1952 1854 2002 vero
1890 1927 2268 2026 episcopus

1391 2044 1481 2119 de
1516 2069 1661 2143 quo
1697 2043 1948 2143 scripsi
1987 2043 2316 2142 superius

1390 2183 1524 2258 per
1557 2185 1721 2234 eum
1759 2158 2230 2234 introducitur

1352 2319 1363 2326 -
1392 2275 1746 2374 pontificis
1782 2274 1853 2348 in
1891 2273 2289 2350 domibus2.

1028 2554 1077 2608 1.
1120 2549 1320 2625 Comp.
1352 2552 1756 2617 Introduction,
1792 2566 1958 2606 num.
1990 2549 2059 2606 32
2088 2555 2232 2606 extr.

1024 2640 1077 2698 2.
1120 2639 1186 2696 Si
1216 2638 1329 2696 l'on
1360 2639 1483 2696 s'en
1512 2637 1661 2696 tient
1685 2639 1721 2695 ὲ.
1750 2637 1808 2696 la
1833 2637 1982 2694 suite
2009 2637 2086 2694 du
2115 2637 2258 2694 recit
2283 2634 2354 2693 de
2381 2643 2543 2693 notre
2568 2651 2878 2708 anonyme,
2904 2635 3064 2695 Odon

954 2730 1015 2787 fit
1037 2746 1139 2787 son
1164 2728 1359 2786 enti-ee
1377 2728 1413 2785 ὸ,
1428 2728 1692 2785 cambrai
1713 2727 1790 2785 du
1813 2728 2011 2785 vivant
2037 2726 2110 2785 de
2136 2725 2472 2800 l'empereur
2489 2726 2674 2782 Hem-i
2693 2726 2801 2785 IV.
2833 2726 3063 2799 D’apres

950 2820 1211 2877 Hermen
1237 2817 1311 2874 de
1338 2816 1608 2887 Tournai‚
1643 2816 1685 2873 il
1714 2817 1814 2890 n’y
1844 2816 1968 2874 vint
1993 2816 2256 2891 qu’apres
2286 2814 2343 2873 la
2370 2823 2523 2872 mort
2548 2814 2620 2873 de
2647 2822 2742 2873 eet
2767 2832 3061 2888 empereur

950 2915 1011 2967 et
1050 2923 1150 2965 sur
1190 2905 1393 2963 l’ordre
1437 2904 1510 2962 de
1550 2906 1735 2962 Henri
1778 2906 1853 2962 V.
1904 2908 2121 2961 Mortuo
2169 2921 2295 2974 erqo
2339 2909 2504 2975 patre
2551 2906 2784 2961 Hem-ici
2833 2906 3060 2961 Henrioo

948 3000 1177 3065 seniore,
1212 2994 1385 3067 dit-il,
1413 3011 1527 3051 non
1553 2998 1778 3066 quidem
1803 2998 2000 3061 armis,
2024 2996 2116 3050 sed
2135 2997 2372 3051 tristitia
2401 2995 2598 3059 cordis,
2622 2995 2780 3063 filius
2805 2997 2926 3065 ejus
2945 2998 3062 3065 jam

950 3092 1131 3159 optato
1184 3100 1352 3155 rayno
1398 3087 1636 3155 potitus,
1698 3086 1987 3140 mandavit
2044 3082 2528 3140 Gameraoemibus
2583 3088 2650 3138 ut
2695 3074 3062 3140 Gua'lohemm

951 3176 1487 3233 womnmunicatum
1526 3173 1597 3228 ab
1638 3174 1776 3228 urbe
1811 3176 2106 3243 pellerent,
2153 3174 2421 3228 domnum
2465 3172 2704 3229 odonem
2744 3174 3058 3243 reciperent.

958 3260 1209 3329 Tuncque
1230 3263 1487 3331 primum
1514 3262 1751 3317 domnus
1783 3260 1892 3317 odo
1920 3262 2114 3317 urbem
2141 3262 2284 3317 sedis
2309 3276 2442 3316 suae
2463 3262 2690 3331 pacifico
2717 3261 3057 3330 inm-odiens,

944 3352 1221 3419 praecepit
1256 3351 1413 3405 nobis
1452 3354 1518 3404 ut
1556 3350 1806 3405 abbatem
1847 3352 2170 3419 eliqeremus
2208 3352 2480 3421 (Restaur.
2519 3350 2643 3405 abb.
2691 3348 2748 3407 S.
2794 3348 3056 3415 Martini,

950 3451 1011 3491 n.
1056 3434 1121 3491 84
1164 3434 1317 3508 init.,
1359 3453 1418 3510 p.
1462 3436 1609 3509 914).
1655 3438 1902 3494 Suivant
1941 3452 2006 3494 ce
2049 3436 2435 3510 temoignage‚
2487 3436 2726 3494 l’entree
2765 3435 2990 3495 d'Odon
3029 3436 3062 3493 ὲ

949 3522 1213 3581 Cambrai
1240 3524 1426 3583 aurait
1452 3542 1525 3583 eu
1554 3526 1669 3583 lieu
1698 3542 1773 3583 en
1805 3524 1962 3583 1106.
2003 3556 2076 3567 -
2114 3525 2386 3583 Lambert
2419 3524 2490 3582 de
2521 3524 2818 3583 Watrelos
2845 3541 2922 3583 ne
2947 3533 3062 3582 met

949 3618 1099 3669 cette
1126 3611 1325 3670 enti-ee
1351 3612 1527 3687 qu'en
1555 3613 1711 3687 1107,
1745 3614 1912 3687 apres
1941 3612 2310 3687 l'expedition
2336 3610 2407 3672 de
2435 3614 2775 3687 l’empereur
2800 3612 2984 3670 Hem-i
3013 3612 3061 3667 V

950 3706 1146 3758 contre
1194 3702 1250 3759 le
1294 3708 1483 3760 comte
1529 3701 1603 3759 de
1648 3700 1894 3760 Flandre
1941 3709 1999 3761 et
2043 3718 2107 3759 sa
2153 3702 2583 3761 reconciliation
2632 3719 2773 3760 avec
2815 3701 3060 3759 celui-ci

948 3796 1027 3861 (p.
1061 3790 1206 3857 511).
1240 3789 1399 3847 Cette
1428 3790 1657 3847 version
1682 3796 1772 3847 est
1799 3806 1873 3847 en
1903 3790 2322 3849 contradiction
2343 3798 2468 3865 trop
2489 3791 2764 3863 flagrante
2783 3803 2922 3847 avec
2941 3796 3062 3847 tout

950 3892 1015 3933 ce
1040 3894 1151 3950 que
1180 3884 1345 3935 notre
1372 3894 1659 3951 anonyme
1688 3886 1922 3937 raconte
1949 3877 2078 3951 plus
2105 3878 2206 3936 bes
2236 3888 2360 3945 (str.
2391 3879 2649 3943 530-558)
2677 3878 2956 3936 touchant
2983 3877 3062 3935 les

949 3964 1081 4021 faits
1109 3971 1169 4022 et
1193 3972 1383 4039 gestes
1402 3966 1474 4023 de
1490 3966 1673 4023 Henri
1692 3967 1749 4022 V
1769 3966 1804 4023 ὲ
1823 3966 2106 4037 cambrai,
2129 3966 2271 4024 dont
2295 3965 2342 4022 il
2367 3966 2454 4023 fut
2481 3983 2615 4023 sans
2644 3966 2820 4024 doute
2847 3966 3059 4024 temoin

946 4052 1218 4127 oculaire,
1246 4070 1393 4129 pour
1416 4054 1589 4129 qu'on
1616 4055 1812 4128 puisse
1841 4056 1927 4129 s'y
1953 4058 2170 4113 ari-etei·
2195 4072 2278 4113 un
2307 4056 2548 4114 instant.
2569 4086 2642 4098 —
2659 4054 2710 4112 11
2737 4062 2889 4113 reste
2917 4055 3060 4113 donc

949 4142 984 4200 ὁ,
1009 4142 1222 4201 choisir
1248 4152 1412 4203 entre
1440 4144 1719 4203 l’eutorite
1750 4146 1820 4203 de
1847 4152 2014 4205 notre
2041 4161 2330 4220 anonyme
2357 4152 2416 4203 et
2443 4146 2584 4205 celle
2613 4144 2687 4203 de
2703 4145 2964 4205 Hermen
2989 4145 3055 4202 de
