3478 5438
995 507 1013 560 l
1027 507 1082 560 18
1950 501 2157 554 omn

989 663 1208 740 opera
1243 647 1317 712 et
1361 657 1559 711 arma
1601 634 1923 710 militaris
1966 634 2411 734 superbiae¹.
2462 643 2541 712 In
2586 639 2789 738 cujus
2836 637 3113 714 heredi-

989 765 1206 831 tatem
1258 762 1330 828 et
1390 754 1732 826 honorem
1792 751 2001 826 heres
2058 750 2447 827 succedens
2505 754 2877 852 proximus
2929 755 3113 829 filius

989 896 1159 948 suus
1206 868 1490 970 juvenis
1545 866 1971 942 Balduinus²
2029 867 2233 965 quasi
2286 891 2382 941 ex
2435 868 2827 944 hereditate
2890 863 3112 970 patris

987 987 1350 1062 castellum
1383 981 1700 1086 possedit
1744 1009 1761 1056 :
1804 993 1880 1058 et
1914 982 2097 1058 sicut
2129 982 2222 1058 de
2256 993 2488 1081 patre,
2532 986 2628 1060 ita
2661 986 2753 1060 de
2783 986 2931 1061 filio
2962 1012 3113 1060 cas-

987 1103 1382 1180 tellaturam
1437 1100 1666 1174 tenuit
1679 1157 1697 1188 ‚
1757 1099 1942 1174 facto
1996 1098 2309 1174 hominio
2356 1107 2437 1173 et
2488 1099 2825 1177 fidelitate
2840 1159 2861 1190 ‚
2920 1102 3111 1176 idem

987 1225 1191 1320 Hugo
1225 1215 1668 1292 castellanus.
1710 1219 1855 1290 Hec
1892 1215 2107 1315 igitur
2133 1215 2467 1290 universa
2500 1218 2737 1292 omnia
2772 1219 3111 1316 quoniam

986 1335 1168 1409 facta
1227 1339 1394 1416 sunt
1452 1341 1700 1406 contra
1759 1335 1983 1406 Deum
2038 1340 2110 1405 et
2166 1339 2483 1406 sanctam
2532 1336 3113 1410 cameracensem

987 1447 1851 1560 ecclesiamQBur‘chardus
1874 1447 2253 1547 episcopus
2272 1448 2465 1548 juste
2490 1450 2852 1526 consultus
2874 1451 3112 1549 ipsum

987 1563 1174 1663 cepit
1221 1563 1836 1638 excommunicare
1880 1563 2303 1638 Balduinum
2352 1563 2684 1639 comitem
2734 1575 2807 1640 et
2855 1565 3111 1640 cotidie

986 1680 1348 1780 campanis
1384 1677 1801 1753 sonantibus
1842 1685 2003 1752 ante
2041 1679 2485 1754 Dominicum
2529 1704 2791 1778 corpus
2836 1691 2907 1754 et
2954 1705 3113 1754 san-

986 1797 1274 1898 guinem
1299 1795 1591 1870 actitare
1620 1794 2247 1893 proclamationem
2278 1796 2370 1870 ad
2396 1805 2803 1894 presentem
2838 1806 2913 1871 et
2949 1820 3112 1895 per-

987 1921 1278 2012 petuam
1315 1911 1498 1985 illius
1533 1910 1813 1984 comitis
1848 1909 2374 1986 damnationem
2410 1939 2425 1984 ε
2468 1920 2544 2010 et
2576 1937 2746 1986 vere
2782 1913 2874 1986 ad
2910 1911 3109 1986 dam-

987 2028 1344 2102 nationem
1363 2025 1753 2101 secundum
1774 2049 1995 2124 opera
2019 2026 2171 2127 ejus
2191 2037 2265 2100 et
2279 2020 2599 2102 nostram
2616 2027 3102 2102 intentionem.

987 2148 1138 2216 Non
1176 2141 1478 2216 multum
1523 2141 1714 2214 enim
1758 2148 2080 2214 moratur
2116 2141 2288 2215 illud
2330 2166 2474 2238 quo
2520 2166 2762 2216 comes
2806 2142 2921 2216 ille
2959 2143 3110 2216 Bal-

988 2257 1271 2346 dumus,
1314 2253 1921 2354 quemadmodum
1956 2263 2160 2354 pater
2192 2281 2367 2331 suus
2399 2257 2756 2334 Robertus
2772 2315 2789 2346 ‚
2830 2256 2907 2331 in
2946 2283 3109 2356 pos·

990 2373 1340 2450 sessiones
1377 2379 1661 2446 sanctae
1695 2371 1949 2447 Mariae
1986 2372 2347 2472 ingressus
2363 2429 2382 2461 ,
2424 2373 2739 2471 quodam
2776 2372 2894 2448 die
2930 2375 3109 2449 mili-

989 2489 1124 2564 tari
1187 2489 1472 2588 negotio
1531 2487 2058 2562 circumventus
2072 2545 2091 2576 ,
2160 2488 2299 2562 tale
2356 2489 2615 2564 vulnus
2676 2499 2977 2588 repente
3038 2491 3105 2564 in

988 2602 1286 2703 proprio
1317 2603 1631 2701 suscepit
1665 2602 1897 2702 capite
1930 2603 2126 2700 quod
2163 2603 2353 2678 nullo
2376 2603 2621 2702 utique
2656 2606 2891 2703 potuit
2926 2606 3105 2680 salu-

988 2719 1194 2796 tifero
1231 2719 1466 2794 sanari
1501 2717 2033 2793 medicamine3.
2086 2717 2249 2793 Pius
2291 2728 2529 2794 tamen
2564 2721 2941 2809 Dominus,
2990 2722 3105 2820 qui

989 2835 1343 2911 neminem
1401 2834 1554 2909 vult
1610 2834 1849 2933 perire
1864 2892 1885 2923 ,
1952 2834 2078 2932 qui
2138 2859 2284 2908 non
2341 2834 2600 2909 letatur
2654 2835 3102 2911 morientium

988 2951 1389 3051 perditione
1405 3009 1422 3040 ‚
1485 2950 1692 3026 nobis
1741 2949 1991 3025 tribuit
2043 2950 2263 3025 fidem
2315 2975 2485 3026 suae
2540 2935 3065 3027 misericordiae
3079 3010 3096 3038 ‚

989 3066 1275 3167 quando
1333 3066 1428 3141 illi
1477 3066 1844 3140 vulnerato
1898 3074 1971 3139 et
2026 3066 2233 3166 plaga
2292 3076 2743 3165 putrescente
2797 3068 3105 3167 graviter

989 3351 1042 3408 p.
1077 3335 1223 3406 512),
1257 3333 1314 3391 le
1342 3334 1374 3389 5
1407 3333 1638 3391 octobre
1678 3333 1973 3406 (Nocroloq.
2010 3330 2353 3404 Aquicinot„
2401 3335 2561 3399 ibid„
2586 3350 2664 3407 Op.
2700 3332 2825 3407 504,
2868 3341 2987 3392 not.
3030 3336 3097 3405 5).

1059 3424 1112 3481 1.
1153 3423 1205 3479 Il
1230 3440 1269 3496 y
1295 3438 1332 3479 a
1355 3422 1647 3495 plusieurs
1675 3423 1937 3479 versione
1969 3438 2129 3481 assez
2157 3420 2411 3479 diverses
2439 3438 2539 3479 sur
2566 3421 2625 3479 la
2648 3427 2803 3481 mort
2823 3422 2903 3480 du
2919 3432 3101 3481 comte

987 3512 1206 3570 Rohert
1235 3512 1292 3567 11
1323 3511 1414 3585 (V.
1447 3513 1566 3569 Rae.
1593 3513 1683 3567 dos
1712 3513 1853 3567 Hist.
1884 3512 2092 3579 deFr„
2124 3518 2167 3567 t.
2198 3510 2372 3584 XIII,
2402 3527 2458 3585 p.
2492 3510 2596 3569 394
2624 3510 2776 3569 med.
2802 3518 2861 3569 at
2878 3518 3001 3569 not.
3032 3514 3096 3584 b).

1057 3602 1111 3658 2.
1155 3600 1462 3659 Bandouin
1488 3599 1626 3671 VII,
1659 3599 1993 3658 sumomme
2020 3601 2251 3671 Hapkin
2276 3616 2349 3659 ou
2380 3602 2417 3657 ὰ
2444 3604 2503 3657 la
2530 3601 2719 3657 hodae.

1061 3692 1113 3748 3.
1155 3690 1316 3748 Nous
1346 3689 1526 3747 lisons
1546 3688 1618 3747 de
1637 3704 1924 3763 nouveau,
1946 3688 2093 3747 dans
2111 3689 2197 3747 les
2212 3689 2451 3749 ancisus
2468 3689 2803 3762 historiens,
2820 3687 3105 3762 plusieurs

991 3778 1246 3837 versione
1273 3780 1389 3837 tres
1417 3777 1674 3837 diverses
1702 3796 1803 3835 sur
1832 3778 1917 3837 les
1944 3795 2145 3837 causes
2172 3778 2246 3837 de
2272 3780 2331 3837 la
2356 3786 2509 3837 mort
2534 3778 2605 3837 de
2634 3778 2942 3836 Bandouin
2968 3778 3101 3835 VII.

987 3870 1100 3927 Les
1127 3867 1468 3942 principales
1495 3884 1560 3925 se
1587 3867 1859 3926 trouvent
1886 3867 2213 3942 rapportees
2243 3868 2389 3925 dans
2417 3866 2695 3926 l'histoire
2715 3867 2787 3925 de
2810 3866 2869 3925 la
2897 3874 3106 3925 testau-

987 3957 1176 4017 ration
1203 3959 1275 4016 de
1302 3957 1558 4031 l’abbaye
1586 3956 1659 4015 de
1689 3957 2099 4015 Saint-Martin
2126 3974 2231 4031 par
2254 3958 2515 4016 Her-man
2542 3957 2616 4016 de
2642 3956 2923 4030 Tem-nai,
2964 3958 3105 4015 dans

987 4046 1044 4104 la
1070 4046 1182 4104 Vie
1207 4045 1285 4104 du
1313 4046 1382 4103 B.
1417 4046 1651 4105 Charles
1681 4047 1734 4104 le
1768 4046 1899 4105 Bon
1926 4062 2029 4121 par
2059 4046 2369 4119 Gauthier,
2410 4046 2555 4105 dans
2591 4047 2651 4107 la
2676 4046 3009 4121 Chronique
3036 4047 3104 4103 de

989 4136 1392 4195 Saint-Bertin
1431 4144 1533 4209 pai·
1571 4136 1722 4194 Jean
1762 4136 2007 4210 d'Ypres
2046 4144 2107 4195 et
2144 4138 2289 4193 dans
2333 4135 2627 4194 l'Histoire
2672 4136 3103 4211 ecclesiastique

987 4222 1280 4282 d'Orderic
1311 4223 1464 4281 vital
1493 4228 1696 4299 (comp.
1729 4228 1845 4283 Rec.
1878 4227 1968 4282 des
1997 4228 2137 4283 Hist.
2168 4229 2232 4281 de
2260 4228 2372 4293 Fr„
2410 4232 2451 4283 t.
2486 4225 2671 4297 xm,
2712 4244 2767 4299 p.
2808 4226 2935 4298 396,
2976 4225 3097 4299 336,

991 4312 1092 4369 463
1119 4320 1178 4371 et
1204 4315 1339 4371 ibid.
1373 4320 1510 4372 note
1537 4318 1603 4387 c).
