3478 5438
962 473 1022 524 48
1921 469 2124 521 cusu

1399 602 1832 680 dedecorose
1869 601 2167 678 clericis.

963 722 1107 797 279
1500 716 1875 795 Gondoluit
1909 715 2288 814 episeopus

1395 833 1486 909 de
1521 841 1629 908 tot
1662 830 2210 922 inversionibus,

1396 949 1487 1024 de
1523 948 1795 1024 clericis
1831 947 2242 1024 enormibus

1394 1073 1467 1140 et
1502 1063 1637 1139 sibi
1673 1063 2191 1139 resistentibus,

958 1184 1103 1260 280
1494 1179 1762 1269 Quibus
1797 1186 2034 1254 tamen
2073 1176 2520 1278 congregatis

1396 1294 1467 1368 in
1504 1294 1777 1392 templo
1811 1293 2201 1369 beatissimi

1392 1407 1815 1484 eonfessoris
1851 1407 2219 1508 Gaugeriei
2267 1447 2272 1450 ·

1394 1535 1474 1600 ut
1508 1525 1583 1600 in
1618 1525 1775 1599 loeo
1809 1523 2062 1624 refugii

958 1638 1087 1716 284
1492 1639 1859 1716 mandavit
1894 1638 2135 1738 presul
2172 1637 2435 1728 denun,

1394 1756 2004 1855 commonuitque¹
2047 1755 2270 1830 tercio

1392 1896 1483 1946 ne
1518 1879 1800 1946 cessent
1833 1869 1926 1946 ab
1963 1870 2198 1945 officio

1394 1986 1780 2086 impiorum
1814 1985 2134 2075 oonsilio,

956 2102 1103 2180 282
1494 2102 1618 2178 sed
1657 2103 1729 2177 in
1769 2103 1948 2177 urbe
1981 2108 2394 2176 remaneant

1393 2219 1890 2318 aecclesiisque
1929 2217 2240 2292 serviant

1394 2343 1605 2433 atque
1642 2334 1776 2409 sibi
1816 2334 1997 2410 sieut
2031 2332 2297 2408 debent

1392 2449 1697 2525 fideliter
1734 2448 2095 2524 obediant.

956 2568 1099 2643 283
1340 2553 1345 2556 ’
1490 2569 1626 2642 Per
1660 2565 2012 2640 malorum
2047 2562 2418 2638 eonsilium

1390 2681 1528 2756 hoe
1563 2689 1984 2781 respuentes
2015 2680 2272 2756 iterum

1392 2803 1670 2872 tantum
1705 2805 1962 2897 rogant
1997 2796 2412 2895 episcopum

1392 2920 1475 2988 ut
1512 2912 1727 2988 donet
1763 2913 1868 2988 eis
1901 2911 2170 2987 licitum

956 3027 1103 3106 284
1492 3054 1637 3127 quo
1674 3029 1952 3103 valeant
1986 3027 2346 3104 liberrime

1393 3143 1484 3218 ab
1522 3146 1701 3219 urbe
1736 3146 1930 3219 foras
1966 3168 2268 3244 pergere

1392 3265 1470 3335 et
1502 3259 1655 3335 sine
1692 3259 2084 3337 offensione

1392 3373 1717 3473 eorporis
1753 3384 1826 3451 et
1860 3375 2225 3475 pecuniae.

956 3490 1100 3567 285
1491 3493 1625 3566 Dat
1658 3490 1902 3589 presul
1937 3492 2117 3565 hane
2149 3486 2502 3563 licentiam

1392 3612 1473 3679 ut
1507 3630 1634 3680 sua
1668 3612 1820 3680 tute
1854 3604 2184 3693 habeant,

1392 3720 1541 3795 sive
1576 3720 1711 3796 sibi
1750 3728 2162 3796 remaneant

1393 3836 1543 3911 sive
1582 3836 1673 3912 ab
1706 3836 1889 3913 urbe
1925 3844 2208 3911 exeant.

954 3954 1099 4030 286
1490 3958 1681 4027 Tune
1714 3952 2041 4028 abierunt
2077 3949 2309 4025 cleriei

1026 4218 1078 4274 1.
1118 4220 1579 4288 ammonuitque.
1618 4216 1703 4275 Le
1738 4217 1958 4292 copiste
1985 4216 2138 4277 avait
2163 4214 2394 4275 d’abord
2422 4213 2565 4273 ecrit
2589 4216 3063 4283 eommunuitquo.
