3478 5438
1328 496 1603 551 moom.
2425 508 2522 561 2⁴17

844 642 1265 711 taxaverunt
1302 636 1671 733 pecuniam

840 749 1027 826 inter
1061 774 1186 825 eos
1218 772 1362 825 non
1396 748 1778 838 modicam,

842 864 1023 941 sicut
1056 866 1123 940 ei
1154 866 1656 965 promiserant.

408 982 549 1053 365
940 980 1144 1071 Quod
1178 1004 1342 1057 eum
1378 980 1576 1056 audit
1608 980 1981 1058 Nieholaus
2085 1078 2090 1085 ι

842 1095 1196 1171 Cameraei
1231 1094 1637 1196 episcopua,

842 1210 1205 1310 prohibuit
1236 1210 1711 1311 burgensibus

842 1350 933 1399 ne
966 1334 1328 1403 taxaretur
1362 1326 1672 1427 populus

320 1442 328 1453 “
408 1442 549 1513 366
940 1441 1065 1539 qui
1098 1440 1235 1517 sibi
1271 1442 1690 1519 commissus
1726 1452 1907 1533 erat,

839 1580 1004 1631 oum
1038 1556 1192 1631 fieri
1230 1580 1376 1631 non
1415 1556 1669 1633 debeat

838 1670 910 1745 in
947 1671 1229 1747 civitate
1264 1672 1557 1772 propria

842 1784 976 1860 nisi
1012 1784 1165 1886 ejus
1199 1786 1503 1861 lieentia.

407 1902 547 1975 367
938 1904 1088 1975 Hoc
1122 1902 1312 1976 enim
1346 1909 1456 1976 est
1488 1902 1925 2001 incognitum

840 2040 973 2115 per
1006 2025 1239 2093 totum
1272 2017 1409 2093 hoo
1444 2018 1824 2115 imperium

838 2140 921 2207 ut
956 2131 1050 2205 sit
1084 2156 1215 2207 nee
1248 2132 1424 2207 urbs
1460 2156 1591 2207 nee
1624 2131 1977 2233 oppidum

838 2246 908 2321 in
946 2254 1297 2344 potestate
1332 2246 1621 2351 eivium.

405 2363 542 2435 368
878 2430 899 2459 ,α
934 2366 1124 2437 Haec
1158 2372 1497 2462 precepta
1534 2388 1715 2462 quae
1753 2364 1935 2437 faeta
1971 2373 2137 2439 sunt

840 2476 937 2553 nil
972 2478 1217 2577 utique
1252 2480 1659 2577 proficiunt,

838 2595 967 2671 sed
1005 2596 1167 2694 plus
1202 2596 1381 2669 iram
1417 2602 1836 2670 exactorum

837 2712 1301 2788 exacerbat&
1344 2711 1632 2788 faciunt.

406 2831 546 2901 369
934 2833 1111 2904 Nam
1146 2835 1445 2928 propter
1478 2829 1610 2904 hee
1644 2829 2006 2928 prohibita

838 2951 1163 3018 creseunt
1198 2967 1655 3017 nummorum
1690 2942 1930 3017 debita
1973 2967 1989 3014 :

836 3067 1125 3158 agentes
1156 3058 1329 3132 haee
1363 3067 1436 3132 et
1470 3066 1707 3133 cetera

835 3172 927 3247 ad
960 3172 1267 3272 presulis
1300 3174 1653 3249 contraria

403 3293 543 3364 370
934 3298 1009 3363 et
1044 3289 1365 3364 nolentes
1400 3289 1790 3366 concedere

836 3404 1293 3480 constitutum
1330 3405 1670 3502 pecuniae

836 3519 1214 3618 oportebat
1248 3519 1659 3618 persolvere

837 3643 1119 3710 coactos
1155 3634 1595 3712 fortitudine.

398 3826 629 3909 Quod
656 3827 1093 3909 episeopus
1122 3827 1355 3896 cives
1378 3828 1465 3894 in
1488 3827 1757 3894 banno
1783 3825 2146 3894 tenuerit
2175 3824 2512 3909 proptor

528 3985 533 3992 .
574 3946 811 4000 snam
842 3931 1940 4014 nfideumtem·tenmque
1978 3930 2329 3999 comitis.

400 4099 528 4171 37⁴
934 4097 1057 4173 Eia
1092 4096 1339 4173 dolens
1374 4096 1750 4196 episeopus

471 4277 524 4333 1.
557 4275 717 4334 Dana
744 4275 798 4334 le
826 4293 935 4334 ms.
967 4277 1341 4336 emroerbaro.
