3478 5438
1253 519 1595 573 omnum.

367 651 513 726 477
905 653 1229 730 Anselius
1263 651 1362 729 ob
1395 654 1532 730 hoo
1563 653 1879 755 trepidat

807 795 1028 869 seque
1063 769 1334 846 absolvi
1371 769 1706 870 postulat,

809 883 900 958 de
935 885 1172 961 reditu
1207 910 1350 960 non
1388 886 1650 987 cogitat

809 1000 1150 1078 Gulchero
1185 1026 1330 1076 non
1365 1001 1749 1077 renuntiat.

750 1245 874 1314 De
918 1245 1321 1315 electione
1361 1247 1666 1316 odom·
1703 1246 2098 1331 episcopi.

371 1461 514 1536 478
906 1470 1104 1541 Nunc
1137 1466 1342 1565 quasi
1377 1466 1448 1540 in
1483 1465 1833 1567 principio

806 1605 900 1656 ex
936 1582 1380 1657 clarimontis
1415 1581 1689 1682 synodo

805 1705 1189 1773 renovatur
1223 1697 1536 1774 turbatio

805 1813 1290 1888 Gamemoensi
1327 1815 1620 1914 populo.

372 1921 512 1996 479
903 1931 1058 2002 Non
1095 1927 1398 2003 multum
1431 1929 1623 2004 enim
1659 1927 1937 2030 longius

801 2040 1006 2141 jubet
1041 2043 1614 2144 archiepiscopus

807 2164 887 2231 ut
920 2160 1278 2234 cameraci
1314 2160 1490 2235 alius

806 2273 1103 2374 eligatur
1137 2276 1544 2376 episeopus.

371 2384 512 2460 480
903 2394 1042 2465 Pr0
1077 2391 1188 2465 his
1221 2391 1731 2466 monitionibus
1891 2409 1901 2420 ·

806 2505 1048 2582 Remis
1082 2531 1334 2582 omues
1367 2507 1820 2606 perreximus

807 2629 879 2696 et
913 2620 1107 2721 quod
1139 2622 1302 2697 inde
1337 2631 1747 2723 pateremur

805 2736 1197 2835 periculum
1235 2738 1700 2829 ostendimus,
1830 2758 1837 2767 ·

370 2848 500 2922 48⁴
907 2851 1220 2928 dieentes
1259 2880 1275 2927 :
1319 2854 1536 2929 Pater
1571 2858 1845 2955 optime,

803 2990 892 3040 ne
927 2991 1131 3065 ooqas
1166 2994 1289 3045 nos
1327 2969 1450 3046 hoo
1485 2980 1782 3069 tempore

805 3084 1196 3160 electionem
1229 3087 1460 3183 faeere

807 3199 894 3273 de
929 3200 1160 3299 aliquo
1190 3204 1539 3299 pontifice.

369 3312 513 3391 482
904 3314 1080 3390 Nam
1118 3316 1478 3393 Cameraei
1510 3318 1770 3393 residet

803 3432 1010 3506 nimio
1037 3434 1510 3531 potentialiter

815 3546 1192 3623 Galeherns
1229 3549 1393 3624 olim
1420 3551 1734 3649 pontifex

807 3672 875 3735 et
908 3686 1032 3737 nos
1069 3675 1256 3738 amat
1289 3675 1358 3739 et
1391 3668 1686 3741 sustinet
1722 3690 1752 3739 .·

367 3775 510 3851 1⁵83
906 3790 975 3854 et
999 3804 1132 3878 per
1164 3805 1288 3855 nos
1325 3792 1523 3880 roqat
1555 3784 1827 3857 veniam

805 3904 873 3967 et
905 3898 972 3969 si
1003 3898 1080 3969 in
1115 3920 1192 3971 eo
1227 3898 1537 3995 aliquam

807 4034 946 4084 non
981 4009 1186 4087 habes
1212 4015 1647 4111 patientiam,

810 4126 946 4199 sibi
979 4128 1156 4223 facis
1191 4130 1550 4226 injuriam.

372 4238 517 4311 484
911 4240 1058 4317 Lex
1094 4245 1272 4317 enim
1309 4247 1526 4319 omnis
1554 4244 1895 4343 predicat,
