3478 5438
1001 503 1088 556 140
1951 497 2156 547 Gnsn

995 657 1154 708 rum
1193 629 1414 704 coacti
1451 635 1615 704 sunt
1648 627 1862 702 talem
1898 626 2032 700 sub
2062 631 2205 700 Deo
2234 627 2363 700 sibi
2392 634 2771 726 patronum
2801 651 3099 727 querere

997 749 1195 847 cujus
1230 744 1544 844 potentia
1579 752 1772 816 tanta
1811 741 2139 840 iniquitas
2182 750 2514 840 tantaque
2559 754 2931 844 raptorum
2976 745 3103 818 im-

997 861 1296 938 manitas
1330 866 1559 936 cesset
1593 879 1917 958 regnare.
1969 862 2432 957 Quapropter
2450 860 2851 958 predictum
2884 863 3101 934 Karo-

997 978 1142 1052 lum
1197 976 1527 1050 comitem
1579 972 2065 1048 Flandriarum
2119 973 2256 1048 sibi
2310 975 2823 1049 constituerunt
2880 973 3101 1048 domi-

997 1093 1202 1167 num¹
1225 1150 1242 1180 ,
1322 1090 1411 1165 ad
1484 1088 1868 1163 vindictam
1940 1088 2469 1164 malefactorum
2486 1147 2505 1179 ,
2582 1089 2863 1178 laudem
2933 1115 3102 1165 vero

996 1207 1347 1282 bonorum
1379 1233 1394 1279 ε
1426 1205 1690 1304 quippe
1719 1229 1935 1302 quem
1971 1205 2601 1304 circummanentes
2632 1205 3102 1280 formidabant

995 1321 1352 1422 predones
1387 1329 1751 1419 tamquam
1786 1319 2202 1395 tonitruum.
2254 1325 2405 1411 Quo
2450 1321 2859 1420 frequenter
2900 1321 3103 1396 istam

995 1446 1263 1514 terram
1307 1437 1635 1513 visitante
1675 1445 1749 1511 et
1793 1436 1884 1510 de
1936 1437 2205 1512 cunctis
2248 1438 2815 1514 malefactoribus
2857 1462 3101 1537 pacem

995 1553 1314 1642 faciente,
1352 1553 1658 1627 cultores
1685 1552 1777 1628 ad
1804 1549 2004 1626 villas
2031 1551 2356 1643 redeunt,
2390 1552 2543 1628 loca
2570 1552 2851 1628 deserta
2876 1553 3097 1628 coloni

997 1677 1324 1768 repetunt
1359 1696 1375 1742 :
1418 1692 1552 1767 pro
1586 1667 1866 1742 comitis
1902 1667 2221 1742 custodia
2258 1669 2593 1768 pacisque
2628 1669 2854 1745 leticia
2891 1668 3099 1744 oblita

996 1794 1107 1862 est
1144 1794 1338 1861 retro
1373 1782 1611 1860 hahita
1644 1784 1877 1858 omnis
1910 1782 2200 1859 malitia.

1101 1916 1142 1980 1
1155 1915 1233 1980 2.
1289 1912 1614 1986 Ceterum
1647 1907 1825 1982 insta
1860 1907 2261 1984 biennium²
2286 1918 2585 2008 propter
2610 1915 2936 1983 nostrum
2962 1909 3099 1983 for-

995 2035 1180 2100 tasse
1217 2033 1585 2125 peccatum
1619 2023 1849 2099 ablata
1885 2032 1996 2098 est
2017 2052 2059 2098 a
2086 2024 2293 2100 nobis
2328 2033 2527 2100 tanta
2561 2025 3001 2125 prosperitas
3034 2033 3101 2100 et

996 2141 1278 2234 diabolo
1335 2141 1708 2240 instigante
1763 2138 1854 2214 ad
1902 2147 2187 2240 tempus
2237 2141 2581 2239 prevaluit
2628 2141 3095 2240 superborum

920 2349 924 2353 .
997 2257 1349 2355 iniquitas.
1391 2257 1736 2333 Comitem
1780 2255 1969 2330 enim
2004 2255 2377 2346 Karolum,
2427 2281 2561 2355 per
2594 2281 2810 2356 quem
2845 2256 2937 2331 ad
2974 2281 3099 2333 nos

997 2397 1136 2470 pax
1161 2372 1299 2446 leta
1325 2369 1814 2462 descenderat,
1844 2371 2032 2471 apud
2059 2373 2357 2472 Brugias
2382 2371 2832 2447 tradiderunt
2852 2373 3094 2447 morti³

993 2485 1316 2562 homines
1367 2485 1476 2561 sui
1526 2485 1928 2584 proditores
1973 2486 2175 2585 impii
2190 2545 2209 2577 ‚
2274 2488 2345 2562 in
2402 2487 2941 2588 quadragesima
2956 2545 2973 2578 ,
3030 2487 3096 2560 in

994 2602 1326 2678 aecclesia
1361 2602 1484 2677 Dei
1521 2609 1596 2677 et
1628 2601 1816 2676 beati
1852 2603 2101 2676 Donati
2138 2603 2431 2677 missam
2464 2628 2555 2677 ex
2600 2603 2806 2678 solito
2844 2603 3095 2678 devote

995 2718 1395 2795 audientem
1423 2727 1496 2793 et
1519 2718 1702 2793 facta
1737 2716 2089 2793 oblatione
2125 2716 2475 2794 sacerdoti
2511 2726 2585 2794 et
2618 2727 2913 2793 extenso
2946 2743 3096 2793 cor-

993 2861 1170 2935 pore
1217 2844 1378 2910 ante
1429 2826 1708 2911 sacrum
1758 2834 1977 2910 altare
2020 2835 2397 2910 Dominum
2446 2844 2887 2911 exorantem.
2942 2840 3094 2909 Mox

1067 3086 1116 3140 1.
1156 3083 1394 3157 D’apres
1423 3081 1694 3139 Lambert
1720 3081 1791 3138 de
1819 3079 2145 3155 Watrelos,
2190 3098 2255 3141 ce
2292 3082 2379 3139 fut
2404 3081 2640 3165 Chai-les
2668 3081 2975 3141 lui-meme
3002 3084 3092 3157 qui

989 3172 1276 3231 demanda
1302 3172 1336 3229 ὲ
1363 3172 1706 3245 l'empereur
1734 3170 1791 3228 la
1822 3171 2144 3245 seigneurie
2172 3171 2250 3229 du
2280 3171 2607 3229 Camhresis
2635 3178 2695 3230 et
2716 3172 2963 3243 l'obtint,
2990 3173 3025 3230 ὲ
3044 3172 3094 3229 la

985 3261 1200 3334 grande
1223 3260 1341 3334 joie
1369 3260 1445 3317 du
1475 3259 1683 3333 peuple
1713 3265 1773 3317 et
1799 3259 1877 3317 du
1905 3260 2111 3335 εἰει-36.
2154 3258 2315 3317 Getta
2343 3260 2679 3319 concession
2716 3268 2805 3319 est
2830 3261 3094 3337 mai-quea

987 3349 1132 3406 dans
1161 3350 1245 3407 les
1265 3348 1526 3407 Annales
1547 3348 1619 3406 de
1637 3348 1910 3407 Lambert
1936 3349 1971 3405 a
1996 3348 2109 3406 l’an
2133 3349 2291 3407 1122.
2324 3351 2561 3406 Karalus
2591 3366 2762 3407 comcs
2780 3352 3087 3418 flandriae,

988 3436 1146 3495 dit-il
1163 3480 1178 3509 ,
1217 3440 1316 3494 hoc
1340 3454 1491 3494 anno
1518 3440 1835 3494 dominium
1866 3438 2152 3495 Gameraci
2178 3440 2247 3494 ab
2276 3441 2610 3509 imperatore
2640 3440 2875 3495 Hem-ico
2905 3443 3088 3511 potiit,

989 3530 1089 3597 qui
1115 3530 1168 3582 ei
1193 3530 1327 3583 satis
1355 3528 1730 3583 amicabiliter
1759 3530 2033 3583 concessit.
2070 3528 2217 3585 Unde
2248 3542 2362 3582 non
2390 3528 2605 3583 modica
2632 3530 2812 3583 lotitia
2838 3529 2905 3583 dc
2929 3530 3091 3585 domi·

991 3620 1130 3671 natu
1159 3619 1274 3686 ejus
1302 3618 1511 3672 civibus
1539 3618 1744 3671 nostris
1770 3604 1819 3671 et
1849 3618 2008 3672 cleris
2036 3617 2179 3685 Γαίῃ
2220 3631 2356 3671 nam
2389 3617 2547 3672 valde
2572 3618 2764 3672 attriti
2797 3622 2975 3672 erant.
3014 3618 3094 3673 Aa

991 3709 1148 3775 cujus
1166 3706 1464 3761 adventum
1482 3721 1610 3761 moa:
1628 3708 1820 3761 omnia
1837 3707 2023 3761 sedata
2041 3704 2504 3772 sunt-(Lamban.
2527 3704 2846 3776 WatreloS,
2868 3722 2924 3779 p.
2950 3706 3088 3771 513).

1060 3793 1114 3849 2.
1157 3792 1208 3849 Il
1236 3810 1276 3867 y
1304 3809 1339 3850 a
1367 3793 1437 3851 ici
1471 3810 1588 3850 une
1617 3792 2037 3866 inexactitude,
2083 3792 2161 3849 du
2190 3792 2382 3851 moins
2411 3792 2461 3849 si
2489 3792 2605 3851 l’on
2634 3793 2756 3850 s'en
2784 3792 2935 3851 tient
2958 3808 3094 3867 pour

990 3881 1046 3937 la
1085 3880 1216 3939 date
1257 3881 1359 3954 des
1399 3884 1771 3940 evenements
1815 3880 2107 3955 rapportes
2146 3882 2278 3956 plus
2320 3883 2463 3939 haut
2506 3888 2581 3940 a'u
2626 3881 2993 3957 temoignage,
3025 3880 3091 3938 de

987 3970 1261 4028 Lambert
1304 3970 1375 4028 de
1415 3969 1730 4028 Watrelos.
1776 3970 1883 4029 Ces
1924 3972 2297 4029 evenements
2342 3970 2550 4029 s’etant
2593 3972 2789 4045 pasees
2832 3986 2909 4028 en
2960 3970 3091 4027 1122

968 4060 1196 4133 ,(comp.
1229 4058 1285 4116 la
1311 4066 1444 4117 note
1470 4060 1864 4134 precedente),
1904 4060 1947 4117 il
1985 4060 2108 4117 faut
2144 4066 2399 4132 comptor
2435 4078 2508 4119 au
2536 4061 2729 4119 moins
2755 4065 2958 4135 quatre
2993 4076 3090 4115 ans

984 4148 1213 4222 jusqu’a
1239 4148 1296 4205 la
1320 4155 1474 4205 mort
1499 4149 1571 4206 de
1602 4149 1841 4207 Charles
1870 4149 1924 4206 le
1951 4148 2102 4207 Bon.

1064 4237 1114 4293 3.
1159 4238 1239 4294 Le
1265 4237 1298 4294 2
1327 4254 1480 4295 mars
1514 4238 1648 4296 1127
1681 4238 1900 4311 (Lamh.
1936 4237 2249 4307 Watralos,
2280 4255 2335 4311 p.
2372 4238 2511 4307 513).
