3478 5438
999 1035 1096 1110 25

997 1479 1188 1572 26'

995 1959 1091 2034 27

994 2422 1090 2497 28

997 2886 1093 2961 29

998 3346 1090 3416 30

1001 3808 1078 3878 34

1900 430 2111 486 0¹8!st

1490 568 1875 664 Coeptutur
1910 591 2048 640 una
2084 565 2342 642 domus

1390 681 1482 755 de
1517 681 1726 783 lignis
1762 688 1836 756 et
1871 680 2228 778 lapidibus

1391 807 1591 898 grata
1627 795 1791 872 urbi
1829 805 1902 872 et
1935 795 2247 886 civibus,

1393 921 1557 1012 apta
1592 913 1767 987 viris
1802 911 2165 989 divitibus.

1485 1035 1662 1104 Nam
1699 1029 1799 1104 ibi
1836 1039 2001 1106 sunt
2036 1028 2421 1118 cellarium,

1388 1145 1798 1246 granarium
1834 1155 1908 1222 et
1940 1144 2199 1220 solium
2417 1246 2424 1251 ι

1388 1271 1462 1336 et
1495 1261 1799 1361 coquina
1834 1269 1908 1338 et
1943 1260 2297 1338 stabulum
2335 1328 2345 1337 .

1388 1386 1460 1452 et
1495 1378 1833 1477 quodque
1868 1375 2375 1454 necessarium.

1487 1499 1676 1594 Ergo
1711 1493 1898 1570 Petri
1938 1493 2245 1582 lieentia,

1389 1634 1553 1685 oum
1589 1608 1785 1684 omni
1820 1635 1949 1684 sua
1982 1611 2209 1709 gratia

1385 1736 1860 1824 perrexerunt
1894 1725 1985 1800 ad
2022 1724 2313 1824 propria

1384 1866 1606 1941 gener
1639 1865 1813 1917 suus
1846 1848 1921 1916 et
1956 1840 2123 1916 filia.

1485 1961 1736 2032 Petrus
1770 1956 1867 2031 ita
1904 1956 2355 2054 relinquitur,

1384 2070 1644 2145 familia
1680 2070 2048 2159 dividitur,

1385 2186 1915 2264 werimboldus
1950 2187 2371 2288 magnificus

1389 2301 1681 2377 domum
1719 2304 1977 2378 factam
2014 2302 2440 2404 ingreditur.

1482 2423 1676 2494 Tunc
1710 2419 2021 2503 ostendit
2054 2419 2349 2494 eximias

1387 2559 1565 2633 quas
1589 2534 1909 2612 habehat
1943 2533 2224 2610 divitias

1385 2657 1458 2725 et
1483 2649 1688 2751 juxta
1725 2649 2262 2750 circumpositas
2372 2707 2377 2714 -

1385 2767 1556 2841 edes
1591 2766 1912 2843 extendit
1948 2767 2144 2843 alias.

1485 2884 1736 2959 Tendit
1772 2907 2058 2983 semper
2090 2883 2180 2959 ad
2216 2882 2464 2972 ardua,

1388 2998 1477 3073 ad
1516 2998 1825 3075 honores
1861 3008 1935 3073 et
1967 3022 2293 3086 munera,

1377 3114 1527 3215 jam
1563 3138 1963 3212 pauperum
1998 3112 2357 3190 consortia

1385 3228 1822 3328 contempnit
1860 3254 1996 3327 pro
2032 3228 2357 3328 pecunia.
2514 3300 2519 3303 .

1482 3348 1849 3418 Honorant
1884 3368 2049 3419 eum
2084 3342 2353 3419 domini

1384 3465 1597 3557 atque
1629 3459 1937 3559 majores
1974 3459 2221 3559 populi

1382 3573 1717 3674 illumque
1752 3574 2011 3650 faciunt
2048 3576 2159 3651 sui

1325 3696 1334 3705 ’
1385 3690 1803 3790 participem
1835 3691 2131 3766 consilii.

1484 3804 1665 3894 Quid
1703 3804 1888 3888 ultra
1924 3830 2223 3903 possum
2259 3805 2495 3879 dicere

1380 3920 1472 3994 de
1507 3920 1915 4020 hujusmodi
1950 3922 2279 3996 homine?

1381 4036 1626 4133 aspexi
1663 4035 1797 4110 sibi
1837 4062 2184 4135 prospere

1382 4151 1711 4226 universa
1750 4152 2159 4228 succedere.
