3478 5438
953 484 1040 536 wo
1790 501 1797 508 ·
1905 475 2109 529 ausu

1386 612 1572 687 vinci
1605 635 1738 710 per
1773 609 2185 709 patientiam
2226 637 2243 683 :

1387 753 1553 803 nam
1589 726 1712 825 qui
1748 726 2011 802 exaltat
2044 725 2381 802 humilem:

1387 844 1661 943 franget
1697 841 1851 943 ejus
1882 839 2365 941 superbiam.

996 964 1092 1037 48
1482 961 1574 1034 Ut
1607 957 1955 1055 scriptum
1989 963 2125 1045 est,
2166 964 2333 1031 sunt
2368 956 2606 1032 omnia

1383 1073 1702 1150 credenti
1730 1071 2166 1174 possibilia²‚

1385 1190 1446 1266 si
1483 1191 1557 1264 in
1587 1193 1736 1265 Deo
1772 1188 1909 1264 sibi
1944 1213 2117 1264 vera

1384 1305 1477 1382 sit
1511 1330 1678 1404 spes
1711 1313 1927 1403 atque
1960 1303 2237 1379 fidutia.

995 1422 1092 1495 49
1483 1419 1815 1496 Credenti
1848 1423 2037 1493 Deus
2074 1417 2403 1494 subvenit
2447 1445 2464 1491 ε

1389 1559 1554 1610 narn
1587 1533 1705 1610 die
1739 1533 2051 1633 quadam
2084 1532 2339 1609 accidit

1387 1650 1582 1750 quod
1619 1649 1975 1725 Gerar-dus
2009 1650 2131 1747 qui
2170 1647 2491 1750 superbit

1389 1767 1462 1841 in
1499 1790 1750 1841 manus
1786 1789 1951 1841 suas
1986 1765 2281 1841 oomiit.

1003 1887 1096 1956 50
1486 1887 1730 1980 Itaque
1763 1905 1901 1982 pro
1938 1880 2279 1956 miraculo

1389 1996 1745 2073 universis
1778 1995 2065 2070 notifico

1394 2111 1753 2189 Gerardus
1788 2109 1881 2186 ab
1916 2109 2257 2209 episeopo

1393 2252 1538 2326 quo
1571 2235 1823 2325 captus
1857 2234 1969 2302 est
2003 2225 2339 2301 fortunio.

1606 2461 1731 2529 De
1774 2460 2159 2542 captione
2204 2460 2416 2544 qius.

1009 2668 1088 2740 54
1493 2659 1604 2739 Ad
1636 2661 2051 2737 Thumium³
2089 2661 2331 2761 presul
2366 2669 2521 2737 erat

1395 2802 1560 2853 cum
1592 2778 1951 2855 Gemrdus
1986 2778 2363 2854 transierat
2402 2806 2421 2852 ε

1395 2894 1508 2968 cui
1545 2891 1736 2991 loqui
1776 2892 2207 2992 despexerat

1396 3030 1530 3081 nec
1563 3006 1996 3082 conductum
2030 3007 2415 3105 quesierat.

1011 3126 1107 3201 52
1495 3122 1624 3213 Qui
1661 3121 1905 3198 audito
1942 3124 2129 3199 hunc
2163 3123 2555 3222 superbum

1398 3237 1502 3313 sie
1533 3238 1875 3313 transisse
1911 3263 2044 3337 per
2073 3238 2449 3314 Thumium

1401 3353 1668 3430 nullum
1705 3354 2079 3451 requirens
2116 3353 2415 3443 socium,

1399 3468 1694 3545 Gerardi
1731 3477 2007 3567 spectat
2042 3468 2382 3545 reditum.

1013 3588 1106 3659 53
1496 3584 1907 3661 Revertenti
1943 3584 2034 3660 ad
2065 3608 2445 3685 vesperam
2595 3674 2603 3679 =

1397 3698 1534 3775 sibi
1567 3699 1812 3799 presul
1850 3710 1991 3777 stat
2024 3701 2315 3777 obviam

1034 3948 1088 4005 i.
1129 3947 1334 4021 Comp.
1361 3949 1523 4006 Prov.
1553 3947 1797 4023 XXIX,
1826 3949 1895 4009 23
1912 3968 1928 4019 ;
1959 3950 2101 4011 Luc.
2134 3948 2305 4023 XIV,
2340 3952 2429 4024 11,
2456 3956 2570 4009 stc.

1032 4033 1087 4092 2.
1130 4034 1307 4092 Marc.
1337 4034 1454 4109 IX,
1483 4034 1574 4093 22.

1035 4122 1088 4181 3.
1133 4114 1589 4195 rhun-vrowa.
1619 4122 1698 4183 Ge
1724 4124 1969 4184 ehstean
1996 4125 2108 4184 fort
2132 4126 2287 4183 avait
2313 4124 2403 4183 όιὲ
2431 4122 2713 4183 eonstruit
2730 4138 2833 4199 par
2850 4122 3067 4181 Nicolns

961 4210 1268 4271 lui-meme
1299 4210 1536 4287 (Canon.
1567 4212 1884 4289 Gamerae„
1914 4232 1965 4273 c.
1996 4216 2089 4287 20,
2120 4232 2178 4289 p.
2212 4214 2355 4287 5⁰8).
