3478 5438
1013 484 1100 537 156
1956 480 2161 532 GESTA

1295 605 1781 682 Burchardum
1817 613 2183 680 consecrat
2216 603 2287 678 in
2324 605 2450 680 Dei
2486 606 2773 682 nomine

1300 722 1565 813 Quirini
1603 720 1913 795 martiris
1950 721 2083 796 sub
2120 720 2383 795 celebri
2422 720 2535 795 die
2554 722 2607 811 ¹,

1298 839 1698 937 mansitque
1735 836 2035 912 celebris
2071 836 2141 910 in
2180 861 2312 912 suo
2349 833 2703 937 tempore.

1709 1067 1835 1134 Do
1884 1068 2156 1137 reditu
2205 1068 2416 1151 ojus.

1063 1270 1154 1340 89
1403 1269 1753 1364 Regresso
1790 1263 2005 1363 igitur
2038 1262 2128 1337 ad
2166 1262 2413 1338 sedem
2448 1245 2819 1363 propriam

1298 1379 1593 1478 subjecti
1627 1378 1989 1454 celebrant
2022 1402 2353 1478 magnam
2386 1378 2715 1468 leticiam,

1296 1521 1434 1595 pro
1471 1495 1669 1595 cujus
1704 1495 1964 1594 gaudio
1994 1495 2141 1594 jam
2180 1503 2376 1570 retro
2412 1495 2725 1572 habitam

1297 1621 1524 1688 totam
1557 1595 1755 1685 obliti
1797 1618 1963 1686 sunt
1999 1612 2244 1685 suam²
2282 1611 2698 1687 mesticiam.

1058 1733 1152 1801 90
1397 1726 1756 1801 Perfectus
1791 1725 2123 1823 pontifex
2153 1726 2431 1801 favente
2469 1727 2769 1802 Domino

1192 1885 1200 1890 -
1297 1843 1370 1916 in
1409 1841 1577 1917 sede
1614 1843 1906 1941 ponitur
1938 1843 2212 1916 honore
2246 1842 2561 1917 maximo
2607 1870 2622 1915 :

1299 1959 1822 2057 amplectuntur
1858 1983 2023 2033 eum
2056 1982 2299 2032 amore
2336 1958 2556 2032 nimio

1298 2073 1540 2149 devoti
1576 2073 1813 2148 clerici
1832 2098 2016 2160 ‘cum
2051 2073 2249 2147 omni
2281 2073 2573 2173 populo.

1057 2193 1136 2263 9⁴
1398 2189 1542 2265 Sibi
1579 2189 2051 2264 communiter
2086 2188 2445 2287 spondent
2482 2189 2903 2287 obsequium

1300 2312 1511 2403 atque
1547 2304 2037 2402 unusquisque
2074 2305 2197 2403 qui
2232 2313 2428 2379 tenet
2462 2303 2754 2380 feodum
2791 2381 2797 2387 ,

1299 2444 1432 2519 per
1467 2429 1751 2496 sanctos
1786 2441 1951 2496 cum
1987 2419 2130 2494 fide
2159 2420 2355 2518 jurat
2387 2419 2779 2496 hominium

1297 2535 1616 2611 victurus
1652 2534 1746 2610 ad
1784 2559 1993 2611 suum
2030 2535 2248 2610 decus
2284 2542 2358 2610 et
2390 2535 2872 2612 commodum.

1200 2763 1325 2829 De
1371 2761 2000 2843 recuperatione
2045 2726 2441 2831 honorum
2487 2765 2919 2833 ecclesiae.

1057 2960 1153 3035 92
1403 2964 1479 3032 ln
1515 2957 1662 3032 suis
1699 2955 2003 3056 denique
2038 2957 2291 3056 primis
2326 2958 2663 3057 operibus

1291 3074 1455 3174 jura
1493 3073 1869 3149 aecclesiae
1906 3074 2141 3172 querit
2174 3072 2553 3173 episcopus

1305 3214 1486 3287 quae
1522 3196 1725 3262 erant
1760 3188 2018 3263 tradita
2055 3188 2617 3287 dispersionibus

1301 3304 1437 3379 sibi
1473 3304 1930 3380 subtrahere³
1971 3303 2061 3379 de
2095 3304 2299 3379 malis
2330 3306 2682 3380 manibus,

1062 3423 1158 3493 93
1407 3422 1636 3497 Casati
1665 3421 1935 3495 ‘etenim
1970 3430 2044 3495 et
2078 3419 2367 3519 quidam
2402 3420 2660 3496 milites

1302 3534 1530 3623 villae,
1576 3536 1817 3626 silvas,
1860 3560 2105 3633 aquaS‚
2147 3544 2375 3609 terras
2410 3536 2711 3612 arabiles

1303 3658 1482 3749 quas
1519 3650 2077 3752 occupaverant⁴
2114 3673 2249 3749 per
2283 3652 2706 3743 invasiones,

1084 3872 1136 3926 1.
1179 3869 1377 3944 Comp.
1409 3870 1539 3945 plus
1567 3873 1710 3930 haut
1734 3889 1791 3946 p.
1821 3872 1942 3942 115,
1975 3878 2141 3929 notes
2169 3872 2203 3929 2
2230 3878 2291 3930 et
2316 3871 2370 3929 3.

1083 3960 1137 4015 2.
1178 3977 1361 4017 suam.
1395 3958 1553 4019 Dans
1581 3961 1636 4020 le
1661 3978 1775 4019 ms.
1810 3960 2119 4020 au-dessus
2148 3959 2219 4019 de
2246 3960 2303 4019 la
2328 3960 2499 4036 ligne.

1084 4048 1136 4105 3.
1176 4048 1516 4107 subtrahero.
1579 4048 1738 4107 Dans
1789 4050 1844 4108 le
1887 4067 1996 4107 ms.
2048 4049 2091 4107 il
2135 4068 2174 4124 y
2219 4067 2256 4109 a
2298 4066 2371 4108 en
2420 4050 2726 4125 inter-ligne
2771 4050 2827 4110 la
2870 4054 3115 4111 variante

1015 4139 1371 4205 reumherej.

1084 4225 1137 4281 4.
1180 4232 1597 4296 occupaverant.
1633 4227 1794 4284 Dans
1824 4228 1875 4283 le
1904 4244 2011 4283 ωε.
2046 4226 2085 4283 il
2116 4246 2151 4301 y
2182 4227 2336 4285 avait
2364 4226 2593 4286 d’abord
2621 4235 2992 4299 occupaverat.
