3478 5438
958 479 1021 534 8²
1907 477 2117 532 cusu

958 595 1053 668 47
1061 599 1089 668 4
1492 596 1673 668 Ecce
1706 593 1798 668 ad
1837 591 2356 668 restituendum

1395 707 1813 785 Galcherum
1847 707 1922 782 in
1957 707 2398 808 episcopum,

1395 824 1456 900 si
1491 824 1661 898 velit
1694 823 2208 924 magisterium,

1392 941 1663 1016 nullum
1698 949 1922 1016 restat
1954 940 2426 1018 obstaculum.

954 1059 1050 1132 47
1054 1060 1101 1137 2
1490 1056 1790 1132 Restitui
1817 1056 1968 1157 jam
2001 1055 2270 1157 poterit

1393 1173 1454 1249 si
1485 1177 1632 1248 Deo
1666 1172 1804 1248 hoc
1837 1173 2185 1272 placuerit
2222 1199 2239 1246 t

1394 1313 1559 1364 nam
1596 1314 1806 1364 nemo
1845 1298 1956 1363 est
1991 1289 2116 1388 qui
2149 1313 2294 1364 non
2329 1287 2500 1363 velit

1392 1419 1463 1480 et
1500 1406 1731 1480 nullus
1764 1404 1930 1481 inde
1963 1404 2292 1480 contrait.

1054 1641 1180 1708 De
1224 1639 1637 1725 legatione
1678 1639 2064 1708 Galoheri
2105 1642 2216 1710 ad
2257 1619 2965 1723 archiepiscopum

1867 1748 2148 1816 missa.

954 1948 1099 2022 473
1489 1953 1681 2024 Tunc
1715 1947 2099 2023 Galcherus
2133 1947 2323 2024 inter
2355 1972 2520 2026 eum

1394 2071 1607 2162 atque
1641 2063 2251 2162 archiepiscopum

1388 2179 1750 2254 Ansellum
1785 2179 1979 2253 misit
2013 2179 2332 2256 medium

1388 2293 1750 2393 quendam
1787 2293 2384 2370 archidiaconum.

951 2410 1098 2486 474
1486 2415 1622 2485 Per
1657 2417 1973 2485 mentem
2009 2411 2216 2486 valde
2254 2411 2646 2511 simplicem

1386 2524 1566 2622 petit
1600 2524 2190 2616 misericordiam,

1389 2650 1550 2715 orat
1583 2665 1716 2740 per
1749 2641 2055 2716 frontem
2089 2642 2428 2717 humilem

1387 2758 1974 2857 transgressionis
2009 2759 2317 2834 veniam.

948 2873 1043 2947 47
1049 2876 1093 2946 5
1484 2873 1685 2949 Unde
1718 2872 1942 2949 iratus
1977 2875 2290 2974 graviter

1386 2992 1777 3065 Remorum
1809 2990 2053 3087 presul
2091 2996 2442 3067 Manasses

1386 3104 1747 3181 Ansellum
1780 3104 1892 3180 his
1926 3106 2305 3182 crudeliter

1385 3220 1752 3319 responsis
1787 3220 2134 3297 allocutus
2169 3230 2279 3299 est
2322 3250 2340 3297 :

947 3335 1093 3408 476
1481 3336 1623 3410 Pro
1660 3336 1809 3427 hoo,
1851 3338 2156 3425 Amne,
2197 3340 2436 3413 nuntio

1383 3461 1451 3525 to
1486 3461 1697 3527 totum
1733 3454 2232 3529 excommunico
2385 3440 2394 3451 ⁸

1384 3570 1505 3667 qui
1538 3568 1754 3643 audes
1793 3569 1979 3668 loqui
2013 3570 2233 3645 denuo

1384 3686 1471 3761 dc
1506 3684 1901 3761 antichristi
1934 3687 2110 3783 filio.

949 3912 1112 3964 notre
1139 3904 1476 3980 chroanue,
1506 3906 1577 3964 ils
1608 3914 1741 3965 sont
1770 3908 2118 3981 posterieurs
2146 3906 2182 3965 a
2208 3908 2266 3965 la
2291 3904 2722 3965 reconciliation
2749 3904 2820 3963 de
2845 3902 3062 3979 l’eglise

946 3992 1019 4052 de
1057 3992 1317 4052 Gamhrai
1363 4010 1465 4068 par
1506 3995 1900 4071 l’archeveque
1939 3994 2013 4055 de
2052 3996 2275 4054 Reims.
2320 3994 2401 4054 Or
2440 4002 2590 4053 cette
2632 3991 3062 4052 reconciliation

946 4084 1109 4140 n’eut
1142 4083 1259 4143 lieu
1297 4100 1411 4159 que
1448 4084 1503 4143 le
1537 4086 1607 4145 20
1648 4086 1970 4160 septembre
2011 4086 2148 4144 1103
2181 4086 2253 4160 (v.
2286 4086 2416 4160 plus
2446 4085 2590 4142 haut
2618 4090 2720 4142 ειν.
2755 4082 2878 4157 437)
2909 4090 2968 4141 et
2994 4098 3060 4141 ce

948 4170 1097 4229 n'est
1122 4172 1293 4246 qu'en
1315 4173 1509 4247 juillet
1536 4174 1673 4232 1105
1700 4191 1814 4249 que
1843 4190 1906 4233 se
1943 4174 2010 4233 fit
2045 4174 2332 4235 l'election
2366 4171 2590 4233 d'Odon
2629 4188 2774 4246 pour
2809 4170 2864 4229 le
2901 4172 3058 4245 siege

948 4259 1020 4317 de
1049 4260 1310 4317 cambrai
1344 4264 1421 4333 (v.
1452 4261 1581 4336 plus
1609 4262 1709 4319 has
1738 4270 1840 4319 str.
1872 4262 2019 4333 491).
