3478 5438
910 429 972 480 72
1861 426 2072 480 Gsssn

994 656 1120 723 De
1156 654 1430 724 reditu
1468 652 1996 736 imperatoris
2025 653 2110 720 et
2138 655 2240 722 de
2268 670 2478 738 paee
2509 657 2728 726 inter
2754 673 2940 728 eum

1454 761 1538 828 et
1574 761 1954 828 comitem
1991 759 2471 832 reformata.

908 972 987 1048 M
1007 977 1051 1045 5
1443 971 1557 1048 Sic
1590 993 1766 1071 ergo
1802 994 2044 1046 comes
2079 972 2296 1047 tribui
2427 995 2432 1000 ·

1346 1086 1662 1186 speravit
1694 1087 1878 1160 hanc
1914 1086 2168 1161 urbem
2205 1087 2366 1178 sibi,

1344 1201 1472 1278 sed
1509 1225 1760 1302 regem
1794 1201 1976 1275 velle
2011 1202 2296 1302 regredi
2367 1238 2373 1258 ι

1345 1343 1507 1393 cum
1543 1317 1767 1407 audit,
1809 1343 1852 1392 a
1888 1341 2015 1417 spe
2052 1317 2340 1393 decidit.

909 1437 989 1512 M
1010 1440 1054 1509 6
1445 1433 1579 1524 Qui
1617 1431 1707 1506 de
1741 1457 1870 1508 sua
1905 1432 2166 1507 timens
2201 1432 2409 1510 valde

1346 1549 1978 1638 exhereditatione,

1345 1666 1651 1766 majores
1686 1665 1886 1739 viros
1923 1664 2290 1740 Flandriae

1348 1781 1539 1881 oepit
1571 1805 1823 1855 omnes
1858 1779 2227 1856 consulere

908 1903 989 1978 M
1008 1906 1053 1976 7
1444 1896 1620 1996 quid
1654 1903 1901 1969 contra
1936 1919 2184 1996 regem
2218 1897 2476 1972 faceret

1349 2012 1611 2114 quidve
1648 2012 1742 2086 de
1776 2012 1913 2086 hoc
1949 2020 2303 2112 satageret

1350 2128 1544 2229 quod
1580 2151 1881 2228 regnum
1915 2127 2068 2228 ejus
2103 2127 2396 2227 insuper

1346 2245 1703 2318 invaserat
1736 2247 1888 2315 tam
1923 2239 2199 2316 leviter.

908 2365 989 2438 M
1009 2365 1052 2434 8
1444 2357 1718 2435 Fideles
1754 2357 1890 2431 sibi
1927 2356 2299 2432 consulunt

1347 2483 1428 2551 ut
1461 2474 1643 2548 sicut
1676 2473 1869 2573 regis
1903 2472 2150 2548 odium

1347 2590 1563 2666 habet
1582 2615 1730 2689 -per
1764 2590 1902 2664 hoc
1935 2589 2280 2689 flagitium

1346 2732 1492 2807 quo
1527 2705 1843 2782 turbavit
1875 2703 2284 2805 imperium,

908 2826 989 2901 M
1008 2829 1052 2899 9
1374 2904 1385 2909 ,
1446 2822 1548 2899 sic
1583 2846 1716 2921 per
1753 2820 2302 2896 satisfactionem

1346 2946 1420 3014 et
1452 2939 1644 3039 [per]
1681 2936 2248 3012 emendationem

1346 3055 1499 3156 ejus
1534 3054 1854 3154 requirat
1888 3052 2194 3154 gratiam

1345 3180 1558 3270 atque
1589 3168 2178 3244 misericordiam.

912 3282 1053 3360 420
1444 3282 1723 3354 Bonum
1760 3276 2028 3351 habens
2062 3275 2435 3351 consilium

1345 3391 1541 3468 venit
1574 3394 1849 3467 eomes¹
1889 3390 2258 3481 Leodium‚

1344 3508 1467 3585 ubi
1495 3507 1614 3610 jus
1649 3516 1800 3583 erat
1837 3507 2152 3607 positum

1346 3624 1533 3698 inter·
1570 3646 1862 3700 servum
1896 3631 1971 3698 et
2004 3623 2401 3699 dominum.

908 3742 1036 3821 42⁴
1442 3746 1572 3816 Tot
1606 3740 1852 3829 duceS‚
1891 3748 2000 3815 tot
2035 3740 2378 3839 episcopi,

1344 3865 1453 3931 tot
1487 3856 1870 3956 principes,
1913 3865 2021 3931 tot
2057 3854 2355 3943 domini,

1347 3972 1469 4070 qui
1504 3972 1669 4047 inde
1705 3980 1873 4048 sunt
1907 3970 2144 4047 Leodii

984 4186 1033 4243 ἱ.
1076 4203 1265 4243 comes.
1296 4183 1458 4243 Dans
1486 4184 1541 4241 le
1570 4200 1679 4242 ms.
1712 4184 2021 4243 au-dessus
2049 4182 2122 4243 de
2149 4182 2204 4241 la
2230 4182 2406 4257 ligne.
