3478 5438
985 456 1044 506 74
1934 459 2141 511 (insu

1026 700 1154 767 De
1191 700 1503 769 iterata
1541 704 2021 786 expulsione
2054 705 2442 778 Galcherl
2482 728 2539 779 a.
2574 713 3041 786 cameraco.

978 934 1122 1013 428
1513 945 1591 1014 In
1630 963 1805 1038 pace
1840 964 2013 1041 ergo
2046 933 2257 1040 positi

1414 1079 1578 1130 cum
1613 1065 1855 1130 essent
1886 1057 2092 1156 plebs
2128 1068 2203 1133 et
2236 1059 2496 1150 clerici,

1415 1170 1538 1268 qui
1571 1170 1846 1246 actibus
1886 1171 2203 1274 episcopi

1411 1311 1699 1385 semper
1733 1289 2020 1364 suerunt
2054 1291 2275 1380 obvii,

974 1397 1118 1476 429
1511 1401 1832 1478 dolentes
1866 1429 2031 1480 eum
2064 1407 2309 1483 vivere

1409 1525 1484 1591 et
1519 1518 1590 1592 in
1630 1518 1845 1594 rebus
1880 1523 2260 1618 proficere,

1406 1634 1557 1733 jam
1594 1633 1684 1708 de
1716 1634 2221 1714 christianitate

1409 1750 1863 1826 Remensium
1900 1752 2277 1828 aecclesiae

968 1859 1110 1935 430
1501 1864 1672 1940 item
1709 1866 1890 1942 sicut
1924 1869 2249 1966 superius

1400 1980 1600 2056 duris
1636 1983 1963 2058 locuntur
1997 1985 2295 2062 vocibus
2339 2006 2389 2062 :¹

1403 2095 1591 2170 unde
1631 2097 1871 2173 statim
1904 2099 2259 2197 accipitur·

1405 2212 1773 2288 consilium
1808 2214 1899 2288 ab
1935 2214 2293 2291 omnibus.

967 2322 1094 2399 431
1503 2333 1655 2419 Quo
1691 2339 1984 2429 accepto
2020 2332 2310 2408 consilio

1405 2446 1644 2544 presul
1681 2445 2063 2522 Galcherus
2098 2447 2257 2522 ilico

1409 2561 1819 2660 supradicto
1856 2573 2299 2639 sacramento

1406 2674 1718 2752 defendit
1753 2680 1945 2755 omni
1980 2680 2246 2781 populo

967 2787 1112 2865 432
1505 2816 1593 2865 ne
1631 2792 1720 2865 ab
1759 2793 1891 2869 illis
1925 2793 2226 2894 abjurati

1403 2906 1837 3005 recipiantur
1871 2910 2105 2985 clerici

1402 3022 1526 3120 qui
1563 3032 1728 3097 sunt
1764 3023 1915 3123 ejus
1950 3024 2209 3101 inimici

1402 3144 1475 3211 et
1513 3138 1730 3215 totius
1766 3139 2071 3239 imperii.

965 3250 1108 3325 433
1499 3257 1648 3329 Hoc
1684 3253 1977 3331 defenso
2013 3257 2389 3357 episcopus

1401 3369 1620 3445 exivit
1653 3371 1909 3445 urbem
1944 3372 2178 3461 citius,

1399 3486 1758 3562 humiliter
1792 3496 2237 3585 spectaturus

1399 3601 1735 3701 quicquid
1774 3603 2032 3677 faceret
2067 3605 2400 3703 populus».

962 3709 1106 3785 434
1497 3718 1827 3794 Mandant
1861 3727 2098 3793 tamen
2136 3722 2326 3795 cives
2362 3724 2591 3797 cuncti

1399 3838 1783 3907 Remorum
1821 3837 2279 3934 archipresuli

1399 3954 1478 4020 ut
1514 3947 1627 4021 hic
1661 3948 1825 4023 licet
1860 3952 2271 4027 contradicti

1397 4061 1888 4161 regrediantur
1924 4066 2183 4155 clerici,

958 4174 1100 4248 435
1484 4176 1868 4278 ,iubeatque
1904 4180 2331 4257 descendere
