3478 5438
430 632 573 707 290

428 1092 556 1167 294

428 1550 572 1627 292

424 2014 568 2089 293

421 2470 565 2550 294

421 2939 562 3013 295

419 3399 562 3474 296

416 3865 559 3980 297

1341 493 1618 545 mcoml.

967 628 1073 704 Ob
1108 626 1243 703 hoc
1276 626 1385 703 sui
1422 627 1621 701 sunt¹
1662 628 1998 703 commoti

864 753 935 819 et
965 752 1299 844 parentes
1328 752 1401 817 et
1436 742 1669 833 amici,

862 859 1127 958 quippe
1163 859 1285 956 qui
1319 883 1461 933 non
1496 866 1801 957 possunt
1833 860 1980 957 pati

862 974 1059 1049 illum
1093 973 1589 1049 exhereditari.

962 1087 1069 1162 Ad
1106 1090 1491 1187 Symonem
1526 1090 1975 1179 conveniunt,

864 1203 1315 1277 consolantur
1349 1212 1424 1277 et
1459 1204 1884 1302 promittunt

864 1317 1031 1417 quia
1064 1318 1262 1394 illum
1297 1316 1731 1418 adjuvabunt

862 1414 1202 1532 quantum
1234 1434 1483 1533 juvare
1518 1442 1880 1531 poterunt.

962 1553 1149 1649 Ergo
1184 1550 1369 1625 circa
1404 1550 1735 1627 universa

861 1666 1069 1764 hujus
1104 1673 1339 1741 terrae
1374 1666 1674 1741 confinia

862 1780 1117 1855 ardent
1148 1781 1375 1869 villas,
1416 1789 1695 1857 vastant
1725 1788 1982 1869 terrae,

858 1902 1143 1994 captant
1178 1896 1373 1971 viros
1408 1905 1481 1971 et
1516 1895 1804 1971 bestias.

961 2009 1340 2085 Ordinibus
1376 2018 1677 2109 parcunt
1710 2010 1946 2098 nullis,

860 2150 990 2199 nec
1026 2125 1297 2201 clericis
1332 2150 1465 2199 nec
1501 2126 1890 2212 monachis,

860 2265 991 2315 nec
1028 2241 1174 2315 suis
1210 2240 1596 2329 beneficiis,

862 2366 1153 2433 cunctos
1189 2357 1523 2457 frangunt
1556 2356 1711 2431 dies
1745 2358 1966 2454 pacis.

955 2472 1341 2547 Christiana
1378 2482 1449 2547 et
1487 2472 1856 2570 prophana

858 2588 1239 2663 commixta
1274 2597 1440 2663 sunt
1474 2587 1831 2676 universa,

855 2703 1037 2780 infra
1070 2704 1325 2781 urbem
1354 2712 1570 2802 atque
1604 2712 1806 2778 extra

858 2820 1046 2895 nulla
1081 2828 1319 2896 manet
1352 2819 1605 2894 leticia.
1676 2865 1679 2868 ·

955 2939 1131 3010 Nam
1166 2934 1449 3018 dolores
1484 2944 1557 3009 et
1590 2934 1940 3032 lacrymae

854 3074 993 3146 que
1023 3048 1357 3124 videntur
1392 3047 1649 3134 cotidie

857 3163 1387 3262 destructioque
1422 3163 1689 3263 patriae

856 3280 1019 3355 facit
1054 3305 1304 3356 omnes
1340 3279 1744 3366 condolere,

953 3402 1028 3468 et
1057 3419 1455 3494 pauperum
1490 3393 1810 3480 tristicia,

856 3511 1216 3598 contritio,
1258 3510 1539 3587 miseria

852 3627 957 3704 sic
990 3626 1243 3703 divites
1278 3624 1702 3702 exterminat

849 3743 1042 3841 quod
1078 3767 1290 3816 nemo
1326 3725 1437 3818 est
1467 3743 1639 3840 quin
1674 3741 1934 3827 doleat,

950 3858 1375 3956 quicumque
1412 3859 1613 3932 timet
1644 3857 2048 3942 Dominum,

492 4119 541 4173 1.
582 4124 733 4172 sunt.
770 4115 927 4172 Dans
956 4115 1010 4174 le
1037 4132 1145 4172 ms.
1179 4115 1487 4172 au-dessus
1515 4113 1587 4170 de
1617 4112 1671 4170 la
1701 4112 1873 4184 ligne.

2442 500 2535 553 215
