3478 5438
887 775 1025 849 ⁴97

896 1238 1035 1311 ⁴98

905 1700 1046 1772 ’199

912 2163 1057 2240 200

922 2625 1054 2703 204

933 3085 1081 3164 202

944 3547 1089 3623 203

954 4004 1102 4085 204

1837 467 2043 558 πότι

1321 647 1810 748 episcopatmn
1843 637 2140 713 obtinet.

1418 766 1597 837 Nam
1632 757 1898 832 elecms
1931 747 2262 825 canonice

1325 885 1480 954 erat
1512 903 1557 950 a
1590 873 1784 948 clero
1822 878 1893 944 et
1929 863 2138 967 plebe

1327 986 1852 1071 Cameracensis
1886 981 2157 1083 patriae

1328 1110 1480 1186 sine
1514 1101 2107 1186 contradictione3

1428 1221 1559 1299 sed
1598 1243 1816 1318 super
1851 1239 2018 1292 eum
2051 1216 2339 1311 ceperat

1324 1343 1489 1443 jura
1522 1333 1952 1436 episcopalia

1334 1456 1669 1533 Galcerus
1696 1473 1791 1524 ex
1824 1445 2091 1539 invidia

1338 1581 1412 1647 et
1444 1566 1776 1670 Symcnis
1809 1562 2134 1663 pecunia.

1439 1685 1811 1761 Galcerum
1845 1702 2036 1777 papa
2069 1671 2383 1750 stimulat

1342 1811 1422 1879 ut
1453 1806 1771 1878 Manasse
1805 1790 2264 1893 respondeat,

1344 1928 1647 2015 uterque
1678 1936 1856 1988 vero
1892 1907 2150 1982 habeat

1350 2030 1725 2110 concilium
1762 2023 1958 2125 quod
1988 2021 2284 2123 judicat.

1446 2145 1689 2224 Presul
1727 2141 2108 2220 Galcherus
2135 2153 2487 2234 congruas

1352 2260 1742 2367 postulavit
1775 2255 2111 2344 indutias,

1357 2382 1480 2482 qui
1512 2388 1599 2455 ut
1630 2381 1985 2452 Manasses
2016 2374 2246 2444 taceat

1359 2520 1606 2574 causas
1640 2491 1863 2567 refert
1896 2485 2272 2587 legitimas.

1459 2617 1619 2712 Ipse
1652 2627 1963 2702 namque
1997 2599 2333 2675 universo

1362 2728 1810 2827 representat
1847 2714 2141 2795 concilio

1366 2852 1439 2921 et
1474 2840 1778 2942 qualiter
1812 2842 1885 2936 et
1918 2828 2280 2933 quomodo

1371 2958 1567 3035 venit
1598 2955 1671 3029 in
1708 2948 2100 3051 episcopio.

1467 3078 1723 3147 Narrat
1758 3074 1960 3167 gesta
1993 3064 2083 3138 de
2120 3057 2448 3135 omnibus

1375 3213 1515 3287 que
1552 3186 1816 3284 scripta
1852 3187 2017 3258 sunt
2053 3174 2407 3279 superius,

1244 3358 1249 3363 ·
1376 3304 1538 3405 quis
1570 3301 1831 3377 scilicet
1867 3297 1996 3373 fuit
2029 3316 2200 3369 suus

1378 3431 1452 3496 et
1482 3424 1800 3496 Manasse
1833 3410 2195 3487 introitus.

1481 3534 1663 3610 Satis
1696 3541 1938 3605 tamen
1970 3529 2351 3624 pernotum
2385 3523 2498 3591 est

1383 3650 1548 3749 quia
1581 3670 1725 3722 non
1761 3662 2104 3741 umquam
2137 3640 2490 3712 Manasses

1387 3764 1718 3842 canonice
1755 3761 2020 3835 electus
2055 3760 2189 3842 est,

1387 3891 1469 3959 ut
1500 3879 1681 3955 ordo
1714 3876 2022 3973 scriptus
2056 3865 2413 3968 perhibet.

1488 4002 1579 4073 Et
1610 3994 1699 4083 si,
1741 3989 1936 4091 quod
1970 4007 2224 4061 verum
2255 4005 2397 4056 non
2429 3976 2589 4065 fuit,

1396 4110 1810 4188 electionem
1844 4102 2091 4179 habuit

1399 4252 1617 4329 quam
1648 4226 1718 4299 in
1756 4223 2063 4298 clamore
2099 4212 2416 4315 protulit,
