3478 5438
996 595 1074 665 61

995 1053 1092 1129 62

1013 1645 1136 1712 De
1179 1643 1638 1714 redditione
1683 1642 1904 1710 Novi
1946 1641 2286 1709 cantolu
2333 1643 2418 1710 et
2462 1641 2983 1711 absolutione

991 1981 1085 2050 63

988 2441 1082 2516 64

987 2908 1080 2979 65

985 3369 1078 3440 66

983 3941 1079 4010 67

1904 451 2109 503 elan

1479 587 1724 662 Presul
1760 584 2035 660 laborat
2068 585 2329 661 itenun

1382 701 1684 778 liberare
1721 707 2009 800 captum
2042 725 2253 778 suum

1382 816 1474 893 de
1507 815 1751 892 furore
1784 822 1895 890 tot
1926 813 2294 891 hominum

1381 932 1518 1008 sibi
1553 929 2088 1006 inimicantium.

1479 1051 1672 1122 Inter
1704 1043 2035 1121 hostilem
2070 1045 2294 1120 aciem

1381 1163 1634 1238 tmnsst
1666 1161 1911 1261 presul
1946 1161 2242 1236 domum
2272 1185 2473 1238 suam

1381 1278 1506 1356 uhi
1541 1277 1933 1356 Gemrdum
1968 1275 2267 1352 militem

1322 1404 1326 1412 '
1381 1393 1714 1493 perduxit
1750 1393 1819 1468 in
1856 1391 2277 1468 custodiam.

1804 1749 2179 1820 Gen-ardi-

1477 1973 1623 2050 Sub
1659 1973 1777 2048 die
1810 1982 2049 2050 autem
2083 1975 2305 2051 tercio

1271 2117 1278 2120 ·
1379 2113 1524 2164 non
1557 2097 1827 2164 temere
1862 2113 1996 2165 nec
2030 2090 2267 2167 subito

1377 2205 1504 2282 sed
1541 2206 1900 2280 communi
1937 2207 2227 2282 consilio

1373 2325 1458 2398 fit
1491 2323 1831 2424 placitum
1866 2323 1959 2400 de
1994 2323 2336 2400 Gemrdo.

1319 2493 1324 2499 -
1473 2441 1829 2514 Statutum
1862 2463 2040 2514 vero
2074 2439 2313 2539 placiti

1375 2564 1448 2632 et
1481 2554 1812 2630 ordinem
1844 2555 2111 2630 consilii

1372 2671 1538 2747 volo
1571 2671 1799 2747 sciant
1832 2671 2139 2748 universi

1375 2795 1522 2861 tam
1557 2796 1931 2885 presentes
1966 2810 2183 2886 quam
2214 2786 2433 2865 futuri
2478 2816 2495 2861 ε

1472 2909 1582 2978 est
1617 2902 1809 2977 enim
1844 2902 2243 2978 necessaria

1373 3018 1548 3093 haec
1584 3019 1845 3117 pacti0,
1888 3020 2074 3094 haec
2096 3017 2322 3119 gratia

1373 3141 1453 3209 ut
1489 3133 1696 3209 nobis
1731 3134 1803 3209 in
1841 3142 2189 3233 perpetua

1371 3248 1718 3325 habeatur
1752 3250 2121 3325 memoria.

1469 3370 1548 3441 In
1583 3374 1969 3465 conspectu
2004 3365 2381 3465 insignium

1369 3477 1700 3554 videlicet
1735 3486 2164 3568 casatorum,

1371 3592 1794 3668 clericorum
1828 3601 1901 3667 et
1936 3592 2199 3668 civium

1369 3709 1726 3787 Gemi-dus
1760 3713 2038 3785 Novum
2072 3709 2452 3785 Castellum

1369 3823 1611 3900 reddit
1643 3824 1915 3925 pastori
1950 3824 2250 3901 liberum
2298 3852 2315 3899 ε

1468 3940 1863 4037 horumque
1896 3940 1968 4015 in
2008 3940 2363 4041 presentia

1371 4065 1606 4131 cetera
1639 4056 1979 4131 beneficia

1371 4170 1638 4269 pastori
1674 4170 2096 4270 pertinentia
