3478 5438
434 764 528 836 82

432 1226 526 1297 83

430 2033 526 2108 84

428 2499 526 2569 85

428 2964 523 3034 86

428 3424 520 3494 87

427 4230 519 4301 88

1199 507 1590 561 ΒΌΒΟΗΑΒΒΙ.
1619 508 1685 558 Π.

677 641 808 718 sibi
847 641 1264 718 subtrahere
1301 641 1532 716 carnis
1569 639 1911 716 edulium.

771 763 964 860 Ergo
999 759 1184 833 vitae
1219 783 1388 834 suae
1425 765 1591 832 nota
1627 757 1871 856 opinio

611 861 618 870 ¹
676 885 748 950 et
783 875 1246 951 abstinentiae
1281 873 1586 972 simplex
1623 872 1909 948 afflictio
2010 858 2017 866 ’

674 989 1002 1067 Remensi
1039 989 1305 1089 placuit
1338 989 1867 1088 archiepiscopo

675 1103 1080 1205 dolentique
1116 1105 1238 1203 pio
1275 1103 1606 1179 condolet
1641 1105 1904 1181 animo.

771 1223 902 1313 Qui
939 1219 1348 1297 Burchardo
1385 1242 1594 1293 suum
1631 1220 1941 1317 spondet
1974 1221 2308 1298 auxilium

673 1345 743 1412 et
780 1336 845 1412 ei
883 1337 1186 1412 consulit
1219 1343 1298 1410 ut
1335 1333 1550 1410 vadat
1588 1334 1848 1410 iterum

673 1478 837 1529 cum
874 1453 1020 1529 suis
1055 1450 1308 1527 litteris
1344 1452 1434 1526 ad
1473 1447 1940 1550 apostolicum

672 1577 744 1643 et
778 1567 930 1668 ejus
965 1569 1219 1642 veniae
1253 1575 1496 1667 portet
1532 1567 1930 1642 consilium.

627 1816 750 1882 De
797 1813 1164 1882 secunda.
1205 1813 1715 1896 profectione
1764 1816 1871 1881 ad
1917 1830 2236 1898 papam.

770 2031 1076 2108 Munitus
1113 2031 1366 2106 litteris
1403 2030 1947 2130 archiepiscopi,

673 2148 764 2223 ad
799 2171 1062 2247 papam
1095 2145 1399 2222 recurrit
1435 2147 1672 2222 animo
1710 2147 2035 2247 simplici,

671 2263 1013 2362 lectisque
1050 2261 1303 2337 litteris
1337 2261 1561 2337 verbo
1599 2263 1923 2362 placabili

673 2379 1060 2478 respondet
1096 2379 1503 2454 Burchardo
1541 2380 1768 2490 gratia
1805 2380 2102 2455 domini.

769 2499 906 2570 Per
941 2496 1244 2570 verbum
1279 2494 1473 2593 quod
1509 2495 1633 2569 vix
1668 2489 1777 2570 est
1814 2495 2243 2597 intelligibile

671 2609 1351 2709 confratri'precipit
1383 2611 1755 2686 Remensis
1790 2613 2059 2711 patriae

673 2728 745 2802 in
782 2727 1192 2803 Burchardo
1229 2727 1498 2802 fructus
1537 2727 1791 2829 dignos
1827 2731 2133 2817 efficere,

672 2844 960 2933 electus,
1004 2852 1084 2918 ut
1121 2843 1428 2941 scripsit,
1473 2843 1535 2917 si
1571 2843 1665 2917 sit
1698 2844 2085 2929 canonice„

770 2959 881 3033 Hii
917 2959 1192 3035 fructus
1227 2958 1589 3059 quomodo
1627 2962 1905 3058 possint
1939 2960 2229 3061 intelligi

672 3076 891 3151 nescit
927 3076 1362 3175 archipresul
1399 3099 1531 3150 nec
1567 3071 2007 3175 coepiscopi;

671 3217 810 3291 qua
847 3190 1215 3266 occasione
1247 3189 1636 3266 Burchardi
1671 3189 1941 3265 domini

670 3307 880 3407 longe
917 3306 1215 3381 sacratio
1254 3304 1592 3381 differtur·
1616 3297 1798 3381 fieri.

767 3424 1094 3498 Ceterum
1130 3429 1432 3521 propter
1468 3422 1604 3496 hoc
1639 3422 1957 3498 mandati
1992 3406 2341 3523 presules,

671 3537 791 3635 qui
828 3544 1128 3613 noscunt
1163 3542 1516 3613 Romanas
1551 3546 1743 3612 artes
1776 3538 2221 3639 multiplices,

671 3651 1022 3743 dubitant,
1063 3662 1136 3728 et
1170 3662 1407 3729 tamen
1445 3654 1821 3729 consulunt
1854 3655 2157 3729 firmiter

669 3779 749 3845 ut
783 3770 932 3845 sine
970 3767 1189 3844 dubio
1223 3769 1710 3885 Burchardum
1746 3779 2139 3845 consecret.

902 4008 1027 4075 De
1072 4008 1698 4076 consecratione
1746 4006 1954 4092 ejus.

765 4233 953 4328 Ergo
989 4226 1258 4303 consilii
1296 4226 1464 4303 dato
1499 4228 1887 4305 munimine

2410 513 2495 566 155
