3478 5438
1352 402 1628 455 mucul.

447 535 589 615 342
978 542 1117 611 Pro
1150 537 1283 612 hac
1314 560 1491 637 ergo
1524 560 1605 611 re
1638 534 1878 613 audita

879 660 951 726 et
985 652 1339 728 minarum
1368 650 1701 750 superbia
1730 696 1735 703 ·

879 768 1051 842 item
1075 768 1269 868 jurat
1304 776 1379 842 et
1410 769 1719 843 affirmat

876 880 1234 958 cameraci
1272 882 1672 958 communia

442 993 583 1069 343
974 996 1169 1095 quod
1206 994 1445 1095 ipsum
1481 995 1735 1073 Montis
1770 984 2104 1071 comitem

874 1110 1321 1187 sustinebunt
1354 1110 1463 1186 in¹
1501 1110 1900 1214 principem

876 1228 1219 1305 adversus
1253 1250 1541 1331 omnem
1574 1228 1938 1303 hominem

871 1352 1119 1443 preter
1152 1369 1399 1445 regem
1432 1352 1507 1420 et
1540 1344 1926 1445 presulem.

558 1598 682 1664 Dc
724 1598 937 1665 hello
984 1596 1175 1665 ante
1222 1596 1717 1681 osciacnum
1763 1596 1850 1663 ct
1892 1597 1994 1663 dc
2041 1592 2422 1677 captione

1288 1704 1693 1789 symonis.

438 1922 579 1997 344
969 1922 1231 2001 Audito
1261 1946 1437 1997 vero
1470 1920 1934 2021 postmodum

870 2038 1067 2136 quod
1101 2036 1295 2135 apud
1330 2035 1705 2136 Oysiacum

872 2160 1023 2227 erat
1058 2175 1299 2227 comes
1333 2149 1850 2237 Flandriarum,

871 2266 928 2341 it
959 2266 1341 2343 Montensis
1374 2274 1625 2341 contra
1657 2289 1851 2340 eum.

436 2383 577 2458 345
967 2382 1234 2474 Quibus
1263 2380 1888 2483 congredientibus

869 2507 943 2574 et
975 2498 1334 2597 utrimque
1367 2496 1806 2573 certantibus

868 2616 1057 2713 cepit
1088 2638 1329 2689 comes
1362 2613 1455 2688 de
1490 2612 1843 2688 Montibus

869 2731 1271 2831 complures
1306 2730 1397 2805 de
1430 2727 2000 2804 Flandrensibus.

433 2846 575 2922 346
966 2851 1227 2946 Symon
1263 2870 1439 2920 vero
1476 2845 1837 2921 audaciter

868 2970 1289 3063 prosecutus
1323 2970 1836 3060 prosequentes

867 3078 957 3154 ab
988 3077 1287 3152 inimicis
1322 3077 1592 3176 pariter

868 3192 1051 3268 inter
1086 3195 1403 3292 captivos
1438 3200 1686 3291 captus
1722 3199 1860 3265 est.

432 3309 575 3386 347
964 3313 1187 3399 Quem
1218 3307 1411 3382 idem
1445 3306 1598 3406 ejus
1634 3305 1875 3392 emuli,

732 3461 737 3464 ·
870 3423 992 3522 qui
1028 3432 1229 3497 erant
1262 3429 1595 3521 parentes
1629 3421 1766 3509 sui,

866 3540 1085 3614 sterni
1120 3539 1443 3613 videntes
1476 3547 1551 3613 ct
1586 3538 1745 3637 capi

864 3655 1004 3731 cito
1035 3655 1361 3730 laborant
1394 3654 1601 3753 eripi.

430 3772 571 3848 348
960 3775 1441 3870 Ereptumque
1477 3771 1567 3845 de
1602 3776 1897 3869 captura

548 3917 555 3924 ·
864 3892 939 3959 et
971 3885 1206 3960 hostili
1240 3884 1555 3985 potentia

498 4149 551 4204 1.
590 4151 674 4203 in.
706 4145 868 4203 Dans
896 4145 951 4203 lc
975 4161 1083 4204 ms.
1116 4143 1425 4204 an-dessus
1453 4143 1525 4202 de
1554 4143 1608 4201 la
1636 4143 1814 4217 ligne.
