3478 5438
970 939 1115 1014 372

974 1403 1113 1476 373

976 1861 1117 1935 374·

979 2324 1122 2397 375

980 2786 1123 2856 376

932 3208 939 3217 ’
986 3248 1126 3318 377

987 3707 1128 3778 378

990 4168 1129 4239 379

1929 445 2131 498 casn

1406 584 1599 685 quod
1634 579 2032 657 commissis
2064 577 2500 680 pauperibus

1410 699 1655 799 nequit
1689 723 1848 774 esse
1880 695 2271 771 advocatus

1400 817 1560 918 jure
1596 815 1705 891 sui
1743 813 2172 900 dominatus,

1503 932 1665 1008 huic
1700 931 1908 1005 datus
1944 925 2380 1026 contemptui

1406 1048 1763 1124 civitatem
1801 1043 2157 1122 Cameraci
2293 1075 2304 1087 ·

1406 1173 1632 1240 totam
1662 1162 1737 1237 in
1771 1161 2008 1237 banno
2043 1157 2282 1259 posuit

1408 1279 1824 1358 auctoritate
1857 1276 2160 1363 Domini,

1508 1395 1788 1470 favente
1825 1389 2305 1491 archipresule

1409 1519 1623 1610 atque
1658 1510 1973 1586 bannum
2007 1507 2497 1592 confirmante,

1410 1634 1706 1725 excepta
1743 1624 2209 1712 confessione,

1410 1740 1693 1830 viatico,
1736 1739 2190 1839 baptismate.

1511 1854 1880 1931 Canonicis
1913 1863 1988 1928 et
2022 1848 2385 1928 monachis

1412 1973 1649 2048 laudat
1686 1971 1924 2046 divina
1959 1969 2112 2045 fieri
2267 2031 2282 2046 ,

1412 2087 1641 2187 portis
1676 2087 1935 2161 clausis
1969 2109 2104 2185 pro
2141 2084 2332 2158 laicis

1412 2201 1924 2300 silentibusque
1959 2199 2268 2276 classicis
2309 2227 2326 2272 :

1510 2317 1787 2394 familiis
1823 2315 2242 2392 clericorum

1414 2442 1488 2509 et
1519 2431 2110 2507 cubiculariorum

1416 2557 1490 2623 et
1524 2545 1890 2623 conversis
1926 2545 2018 2620 ad
2053 2543 2430 2620 Dominum

1416 2664 1705 2765 plenum
1743 2663 1962 2737 donat
1997 2659 2443 2760 obsequium.

1515 2779 1848 2854 Similiter
1883 2779 1954 2852 in
1990 2778 2262 2853 Haunio

1416 2896 1499 2969 fit
1532 2894 1770 2969 divina
1803 2894 2121 2969 defensio

1418 3009 1575 3110 pari
1610 3010 1900 3109 quidem
1939 3008 2257 3095 consilio,

1419 3126 1573 3226 pari
1611 3151 1896 3225 quoque
1932 3124 2341 3213 constituto,

1518 3266 1656 3341 pro
1694 3240 1954 3316 comite
1989 3239 2450 3315 Montensium

1420 3356 1544 3457 qui
1581 3357 1890 3457 fregerat
1925 3356 2449 3441 sambucetum,

1420 3473 1735 3573 episcopi
1763 3473 1881 3573 jus
1917 3470 2294 3571 proprium

1422 3589 1696 3686 sibique
1732 3586 2276 3674 successorium,

1521 3704 1643 3802 qui
1680 3704 1984 3779 rusticos
2017 3710 2381 3778 taxaverat

1422 3820 1603 3894 sicut
1639 3820 1790 3917 ipse
1829 3819 1990 3917 plus
2025 3827 2308 3937 poterat

1421 3943 1634 4032 atque
1670 3934 1786 4009 die
1823 3930 2146 4010 festinata

1424 4050 1828 4149 persolvere
1864 4057 2219 4150 coegerat.

1522 4170 1688 4242 Post
1720 4167 1853 4241 hec
1887 4166 2174 4240 mandat
2209 4164 2598 4239 imbannita
