3478 5438
1344 478 1384 525 N
1389 475 1619 527 loom.

873 607 1071 707 quod
1108 610 1198 684 de
1236 616 1386 683 tota
1418 607 1555 683 sibi
1595 608 1756 682 villa

874 724 1276 832 serv-abitur
1308 724 1637 800 fidelitas.

591 936 820 1019 Quod
865 937 1307 1019 episcopus
1352 938 1565 1006 idem
1611 938 2049 1006 castellum
2093 938 2398 1007 Simoni

993 1043 1451 1111 castellano
1498 1044 1979 1114 reddiderit.

433 1230 578 1304 209
970 1226 1213 1317 Querit
1250 1228 1517 1327 Symon
1555 1227 1890 1303 continuo

871 1341 1289 1417 eorumdem
1326 1341 1618 1417 consilio

874 1458 997 1556 qui
1033 1467 1234 1531 erant
1269 1483 1431 1533 cum
1468 1459 1806 1558 episcopo

877 1583 954 1647 ut
988 1574 1124 1647 hoc
1159 1581 1644 1673 castrum'pro
1680 1601 1909 1673 puero

872 1689 1142 1764 sororis
1178 1715 1344 1764 suae
1380 1689 1553 1777 filio,

434 1807 578 1879 240
972 1828 1154 1902 quae
1192 1803 1323 1878 fuit
1359 1830 1545 1878 uxor
1580 1805 1944 1893 Gerardi¹‚

872 1928 953 1994 ut
980 1919 1252 2019 justum
1288 1928 1422 2007 est,
1465 1920 1683 1994 donet
1720 1921 1883 2011 sibi,

872 2034 981 2109 cui
1019 2032 1235 2109 debet
1270 2036 1712 2110 Sanctoberti

820 2211 823 2217 A
871 2147 1242 2224 advocatio
1280 2150 1589 2225 succedi.

435 2266 563 2341 2⁴¹1
971 2268 1191 2339 Instat
1226 2267 1492 2365 Symon
1529 2267 2008 2355 vehementer,

871 2381 1138 2455 instant
1174 2380 1280 2454 sui
1320 2380 1681 2481 adjutores

870 2504 951 2573 ut
986 2521 1237 2571 eorum
1272 2497 1646 2598 diligenter

873 2620 1038 2711 agat
1074 2621 1358 2709 precata
1394 2613 1739 2711 pontifex.

436 2726 581 2804 2⁴2
972 2728 1124 2815 Cui,
1165 2728 1462 2804 credens
1496 2729 1766 2804 bonum
1802 2755 1985 2818 esse,

875 2844 1205 2943 promisit
1240 2854 1553 2920 castrum
1586 2847 1870 2923 tradere

877 2961 1010 3035 sub
1047 2961 1547 3058 pollicitatione

876 3077 1147 3151 veracis
1182 3076 1349 3151 fidei
1387 3103 1580 3152 suae.

434 3193 577 3268 213
971 3191 1300 3267 Promisit
1333 3193 1595 3291 Symon
1633 3195 1899 3292 pariter

874 3309 1237 3405 episcopo,
1280 3318 1359 3382 ut
1393 3318 1704 3406 oportet,

873 3422 1049 3497 tales
1085 3422 1392 3520 prebere
1426 3425 1713 3499 obsides

874 3538 1133 3636 quibus
1169 3538 1260 3614 de
1296 3565 1473 3638 pace
1504 3540 1854 3616 crederet.

437 3657 517 3730 2⁴
536 3652 583 3726 4
972 3654 1097 3728 His
1131 3654 1462 3731 omnibus
1500 3657 1601 3732 sic
1638 3658 1943 3756 peractis

876 3771 1178 3869 predicti
1214 3772 1357 3846 duo
1395 3772 1639 3847 vasalli

874 3887 1168 3960 celatam
1205 3896 1511 3962 mortem
1549 3891 1841 3966 Gerardi

874 4002 1179 4076 confessi
1213 4012 1378 4077 sunt
1415 4005 1756 4103 pontifici.

513 4220 562 4276 1.
604 4218 803 4293 Comp.
836 4219 963 4294 plus
991 4219 1134 4277 haut
1161 4237 1216 4294 p.
1251 4222 1375 4292 164,
1407 4229 1559 4278 note.
