3478 5438
902 488 993 541 *ΖΒ-ἱ
1012 443 1017 449 ⁴
1851 493 2058 545 cusu

1340 648 1482 720 qua
1514 623 1798 700 fortuna
1832 626 1968 699 viri
2001 634 2286 703 eentum

1339 738 1730 813 exereitum
1764 748 1874 815 tot
1909 741 2182 817 milium

1338 878 1677 951 superare
1712 863 2126 955 potuerunt.

902 965 983 1041 M
1004 971 1046 1040 3
1437 968 1764 1045 Fortasse
1794 976 2148 1070 permisso
2183 976 2309 1051 Dei

1336 1091 1505 1158 tune
1540 1084 1793 1161 accidit
1831 1088 2010 1163 sieut
2045 1089 2242 1179 olim,

1336 1223 1501 1273 oum
1538 1201 1697 1275 Saul
1734 1202 1925 1277 mille
1960 1206 2264 1302 perculit

1335 1323 1415 1409 et
1442 1314 1690 1391 deoem
1724 1318 1918 1392 milia
1953 1320 2243 1395 David¹.

899 1426 980 1502 M
997 1426 1045 1502 1⁶
1433 1434 1611 1505 Nam
1644 1432 1782 1507 hoe
1818 1434 1964 1531 pati
1999 1447 2406 1513 meruerant

1335 1545 1459 1643 qui
1496 1554 1844 1621 sacratam
1879 1550 2248 1626 ecelesiam

1334 1670 1408 1735 et
1442 1672 1890 1737 sacrosancta
1925 1664 2287 1767 fregerant

1334 1786 1407 1851 et
1441 1776 1759 1853 insontes
1793 1780 2296 1877 predaverant.

899 1888 979 1962 Μ
1000 1894 1044 1963 5
1434 1892 1940 1970 Defunotorum
1975 1898 2322 1973 cadavera

1334 2008 1517 2083 siout
1551 2009 1624 2083 in
1662 2009 1781 2085 die
1815 2012 2120 2087 emstina

1331 2135 1619 2223 reperta
1654 2134 1821 2202 sunt
1856 2138 1929 2203 et
1965 2130 2237 2227 sepulta

1330 2240 1712 2315 abhorreat
1749 2266 1928 2342 gens
1963 2244 2222 2320 futura.

895 2350 975 2425 Μ
994 2354 1039 2425 6
1427 2355 1607 2431 Nudi
1644 2358 1836 2433 enim
1873 2360 2136 2435 inventi
2175 2373 2342 2437 sunt

1329 2479 1402 2545 et
1436 2496 1699 2548 uxores
1734 2498 1918 2572 quae
1955 2477 2328 2575 requirunt

1329 2587 1523 2661 viros
1560 2612 1729 2662 suos
1766 2590 2026 2679 levant,
2064 2601 2353 2667 vertunt

1330 2710 1403 2776 et
1436 2702 1795 2780 neminem
1815 2717 2370 2807 recognoscunt.

891 2808 1037 2886 1⁴⁴7
1428 2818 1539 2892 Sio
1574 2819 1761 2892 enim
1795 2828 1962 2894 sunt
1991 2823 2210 2896 armis
2246 2824 2414 2913 oesi,

1328 2930 1419 3005 de
1454 2957 1709 3008 eruore
1747 2935 2113 3033 inquinati,

1329 3045 1422 3121 ab
1458 3047 1709 3124 avibus
1743 3052 2062 3126 exoeoafi'

1326 3163 1522 3259 quod
1558 3175 1926 3262 nequeunt
1957 3172 2398 3269 recognosci.

889 3273 969 3347 Μ
988 3277 1031 3346 8
1388 3282 1736 3380 Per-gunt
1773 3282 1963 3357 cives
1997 3309 2134 3383 pro
2169 3287 2412 3362 amieis

1325 3400 1399 3467 et
1431 3418 1567 3491 pro
1602 3395 2018 3497 conjugibus
2053 3401 2201 3475 suis

1325 3505 1417 3581 ad
1452 3508 1904 3586 lacerandum
1939 3511 2184 3589 bestiis

1325 3631 1399 3697 et
1432 3623 1683 3699 avibus
1718 3628 2087 3726 expositis,

887 3731 968 3807 M
986 3737 1031 3806 9
1422 3743 1615 3829 Quos
1652 3741 1999 3818 interrant
2031 3753 2396 3846 tamquam
2433 3775 2694 3848 porcos

918 3845 921 3848 ’
1323 3854 1553 3946 binoS,
1595 3866 1864 3948 tel-nm,
1908 3860 2189 3960 quinos,
2231 3863 2455 3941 denos

1321 3969 1715 4068 opprobrio
1749 3976 2180 4073 sempiterno

960 4239 1007 4294 1.
1050 4237 1249 4314 Comp.
1285 4243 1337 4300 1.
1369 4245 1490 4314 neq.
1525 4245 1756 4317 xvm,
1789 4249 1840 4304 7.
