<?xml version="1.0" encoding="UTF-8"?>
<!DOCTYPE html PUBLIC "-//W3C//DTD XHTML 1.0 Transitional//EN"
    "http://www.w3.org/TR/xhtml1/DTD/xhtml1-transitional.dtd">
<html xmlns="http://www.w3.org/1999/xhtml" xml:lang="en" lang="en">
 <head>
  <title>
</title>
<meta http-equiv="Content-Type" content="text/html;charset=utf-8" />
  <meta name='ocr-system' content='tesseract 3.04.00' />
  <meta name='ocr-capabilities' content='ocr_page ocr_carea ocr_par ocr_line ocrx_word'/>
</head>
<body>
  <div class='ocr_page' id='page_1' title='image "./gestesdesvquesd01unkngoog_0325.png"; bbox 0 0 3478 5438; ppageno 0'>
   <div class='ocr_carea' id='block_1_1' title="bbox 1218 388 2618 442">
    <p class='ocr_par' dir='ltr' id='par_1_1' title="bbox 1218 388 2618 442">
     <span class='ocr_line' id='line_1_1' title="bbox 1218 388 2618 442; baseline 0.004 -5"><span class='ocrx_word' id='word_1_1' title='bbox 1218 389 1427 439; x_wconf 73' lang='lat' dir='ltr'><strong>TABLE</strong></span> <span class='ocrx_word' id='word_1_2' title='bbox 1459 388 1555 437; x_wconf 91' lang='lat' dir='ltr'><strong>DU</strong></span> <span class='ocrx_word' id='word_1_3' title='bbox 1587 390 1885 439; x_wconf 78' lang='lat' dir='ltr'><strong>VOLUME.</strong></span> <span class='ocrx_word' id='word_1_4' title='bbox 2526 391 2618 442; x_wconf 68' lang='lat'><strong>273</strong></span> 
     </span>
    </p>
   </div>
   <div class='ocr_carea' id='block_1_2' title="bbox 485 520 2617 2656">
    <p class='ocr_par' dir='ltr' id='par_1_2' title="bbox 485 520 2617 2656">
     <span class='ocr_line' id='line_1_2' title="bbox 493 520 2615 593; baseline 0.001 -15"><span class='ocrx_word' id='word_1_5' title='bbox 493 522 661 593; x_wconf 85' lang='lat' dir='ltr'><strong>Quod</strong></span> <span class='ocrx_word' id='word_1_6' title='bbox 690 520 845 577; x_wconf 82' lang='lat' dir='ltr'><strong>cives</strong></span> <span class='ocrx_word' id='word_1_7' title='bbox 874 520 1228 578; x_wconf 88' lang='lat' dir='ltr'><strong>Galcherum</strong></span> <span class='ocrx_word' id='word_1_8' title='bbox 1259 535 1523 577; x_wconf 81' lang='lat' dir='ltr'><strong>revocare</strong></span> <span class='ocrx_word' id='word_1_9' title='bbox 1549 520 1865 578; x_wconf 76' lang='lat' dir='ltr'><strong>voluerunt</strong></span> <span class='ocrx_word' id='word_1_10' title='bbox 1906 564 2396 580; x_wconf 92' lang='grc'><strong>......</strong></span> <span class='ocrx_word' id='word_1_11' title='bbox 2513 524 2615 582; x_wconf 89' lang='grc'>143</span> 
     </span>
     <span class='ocr_line' id='line_1_3' title="bbox 491 608 2617 668; baseline 0 0"><span class='ocrx_word' id='word_1_12' title='bbox 491 611 581 668; x_wconf 91' lang='grc' dir='ltr'><strong>ΒΘ</strong></span> <span class='ocrx_word' id='word_1_13' title='bbox 606 611 645 666; x_wconf 81' lang='lat' dir='ltr'><strong>J</strong></span> <span class='ocrx_word' id='word_1_14' title='bbox 648 610 878 667; x_wconf 84' lang='lat' dir='ltr'><strong>ohanne</strong></span> <span class='ocrx_word' id='word_1_15' title='bbox 907 608 1315 666; x_wconf 85' lang='lat' dir='ltr'><strong>archidiacono</strong></span> <span class='ocrx_word' id='word_1_16' title='bbox 1341 648 2399 667; x_wconf 91' lang='grc'><strong>............</strong></span> <span class='ocrx_word' id='word_1_17' title='bbox 2515 612 2617 668; x_wconf 83' lang='grc'>144</span> 
     </span>
     <span class='ocr_line' id='line_1_4' title="bbox 491 695 2616 770; baseline 0 -14"><span class='ocrx_word' id='word_1_18' title='bbox 491 700 579 756; x_wconf 99' lang='grc' dir='ltr'><strong>ΒΘ</strong></span> <span class='ocrx_word' id='word_1_19' title='bbox 607 698 888 756; x_wconf 72' lang='lat' dir='ltr'>electione</span> <span class='ocrx_word' id='word_1_20' title='bbox 916 695 1237 753; x_wconf 88' lang='lat' dir='ltr'><strong>Burchardi</strong></span> <span class='ocrx_word' id='word_1_21' title='bbox 1267 696 1522 770; x_wconf 80' lang='lat' dir='ltr'><strong>episcopi</strong></span> <span class='ocrx_word' id='word_1_22' title='bbox 1530 739 2397 756; x_wconf 90' lang='grc'><strong>..........</strong></span> <span class='ocrx_word' id='word_1_23' title='bbox 2515 701 2616 757; x_wconf 90' lang='grc'><strong>145</strong></span> 
     </span>
     <span class='ocr_line' id='line_1_5' title="bbox 491 785 2615 859; baseline -0.001 -13"><span class='ocrx_word' id='word_1_24' title='bbox 491 788 727 857; x_wconf 84' lang='lat' dir='ltr'><strong>Quanta</strong></span> <span class='ocrx_word' id='word_1_25' title='bbox 755 787 995 843; x_wconf 77' lang='lat' dir='ltr'><strong>adversa</strong></span> <span class='ocrx_word' id='word_1_26' title='bbox 1020 802 1226 859; x_wconf 80' lang='lat' dir='ltr'><strong>passus</strong></span> <span class='ocrx_word' id='word_1_27' title='bbox 1255 785 1334 842; x_wconf 86' lang='lat' dir='ltr'><strong>sit</strong></span> <span class='ocrx_word' id='word_1_28' title='bbox 1338 828 2397 845; x_wconf 91' lang='grc'><strong>............</strong></span> <span class='ocrx_word' id='word_1_29' title='bbox 2512 790 2615 846; x_wconf 86' lang='grc'>147</span> 
     </span>
     <span class='ocr_line' id='line_1_6' title="bbox 490 873 2616 951; baseline -0.001 -16"><span class='ocrx_word' id='word_1_30' title='bbox 490 878 580 935; x_wconf 90' lang='grc' dir='ltr'><strong>ΒΘ</strong></span> <span class='ocrx_word' id='word_1_31' title='bbox 608 875 897 951; x_wconf 77' lang='lat' dir='ltr'><strong>legatione</strong></span> <span class='ocrx_word' id='word_1_32' title='bbox 923 876 994 932; x_wconf 89' lang='lat' dir='ltr'><strong>ad</strong></span> <span class='ocrx_word' id='word_1_33' title='bbox 1024 891 1234 948; x_wconf 85' lang='lat' dir='ltr'><strong>papam</strong></span> <span class='ocrx_word' id='word_1_34' title='bbox 1263 873 1483 932; x_wconf 88' lang='lat' dir='ltr'><strong>directa</strong></span> <span class='ocrx_word' id='word_1_35' title='bbox 1534 918 2398 934; x_wconf 88' lang='grc'><strong>..........</strong></span> <span class='ocrx_word' id='word_1_36' title='bbox 2513 878 2616 934; x_wconf 91' lang='grc'>148</span> 
     </span>
     <span class='ocr_line' id='line_1_7' title="bbox 491 960 2610 1039; baseline 0 -17"><span class='ocrx_word' id='word_1_37' title='bbox 491 967 580 1023; x_wconf 91' lang='grc' dir='ltr'><strong>ΒΘ</strong></span> <span class='ocrx_word' id='word_1_38' title='bbox 608 963 960 1039; x_wconf 84' lang='lat' dir='ltr'><strong>profectione</strong></span> <span class='ocrx_word' id='word_1_39' title='bbox 988 960 1311 1019; x_wconf 87' lang='lat' dir='ltr'><strong>Burchardi</strong></span> <span class='ocrx_word' id='word_1_40' title='bbox 1341 961 1413 1017; x_wconf 88' lang='lat' dir='ltr'><strong>ad</strong></span> <span class='ocrx_word' id='word_1_41' title='bbox 1442 978 1651 1035; x_wconf 85' lang='lat' dir='ltr'><strong>papam</strong></span> <span class='ocrx_word' id='word_1_42' title='bbox 1709 1003 2388 1020; x_wconf 91' lang='grc'><strong>........</strong></span> <span class='ocrx_word' id='word_1_43' title='bbox 2505 966 2610 1023; x_wconf 87' lang='grc'><strong>150</strong></span> 
     </span>
     <span class='ocr_line' id='line_1_8' title="bbox 491 1049 2614 1110; baseline -0.002 0"><span class='ocrx_word' id='word_1_44' title='bbox 491 1054 580 1109; x_wconf 94' lang='grc' dir='ltr'><strong>ΒΘ</strong></span> <span class='ocrx_word' id='word_1_45' title='bbox 609 1052 842 1110; x_wconf 83' lang='lat' dir='ltr'>Conone</span> <span class='ocrx_word' id='word_1_46' title='bbox 862 1049 1142 1108; x_wconf 79' lang='lat' dir='ltr'><strong>cardinali</strong></span> <span class='ocrx_word' id='word_1_47' title='bbox 1150 1092 2397 1110; x_wconf 90' lang='grc'><strong>..............</strong></span> <span class='ocrx_word' id='word_1_48' title='bbox 2515 1074 2614 1106; x_wconf 76' lang='lat' dir='ltr'><strong>n»</strong></span> 
     </span>
     <span class='ocr_line' id='line_1_9' title="bbox 488 1140 2616 1215; baseline 0 -16"><span class='ocrx_word' id='word_1_49' title='bbox 488 1142 578 1199; x_wconf 93' lang='lat' dir='ltr'><strong>De</strong></span> <span class='ocrx_word' id='word_1_50' title='bbox 605 1141 957 1215; x_wconf 77' lang='lat' dir='ltr'><strong>profectione</strong></span> <span class='ocrx_word' id='word_1_51' title='bbox 985 1140 1307 1197; x_wconf 84' lang='lat' dir='ltr'><strong>Burchardi</strong></span> <span class='ocrx_word' id='word_1_52' title='bbox 1335 1140 1408 1197; x_wconf 90' lang='lat' dir='ltr'><strong>ad</strong></span> <span class='ocrx_word' id='word_1_53' title='bbox 1437 1140 1844 1214; x_wconf 79' lang='lat' dir='ltr'><strong>imperatorem</strong></span> <span class='ocrx_word' id='word_1_54' title='bbox 1907 1184 2396 1199; x_wconf 90' lang='grc'><strong>......</strong></span> <span class='ocrx_word' id='word_1_55' title='bbox 2511 1142 2616 1200; x_wconf 90' lang='grc'><strong>152</strong></span> 
     </span>
     <span class='ocr_line' id='line_1_10' title="bbox 490 1229 2613 1302; baseline 0.001 -16"><span class='ocrx_word' id='word_1_56' title='bbox 490 1231 579 1286; x_wconf 88' lang='grc' dir='ltr'><strong>ΒΘ</strong></span> <span class='ocrx_word' id='word_1_57' title='bbox 606 1229 795 1286; x_wconf 89' lang='lat' dir='ltr'><strong>reditu</strong></span> <span class='ocrx_word' id='word_1_58' title='bbox 824 1229 950 1302; x_wconf 81' lang='lat' dir='ltr'><strong>ejus</strong></span> <span class='ocrx_word' id='word_1_59' title='bbox 956 1270 2395 1288; x_wconf 91' lang='grc'><strong>................</strong></span> <span class='ocrx_word' id='word_1_60' title='bbox 2511 1233 2613 1291; x_wconf 81' lang='lat'><strong>154</strong></span> 
     </span>
     <span class='ocr_line' id='line_1_11' title="bbox 490 1316 2614 1392; baseline 0 -17"><span class='ocrx_word' id='word_1_61' title='bbox 490 1320 579 1375; x_wconf 90' lang='lat' dir='ltr'><strong>De</strong></span> <span class='ocrx_word' id='word_1_62' title='bbox 607 1317 860 1375; x_wconf 84' lang='lat' dir='ltr'><strong>secunda</strong></span> <span class='ocrx_word' id='word_1_63' title='bbox 888 1317 1240 1391; x_wconf 76' lang='lat' dir='ltr'><strong>proiectione</strong></span> <span class='ocrx_word' id='word_1_64' title='bbox 1268 1316 1339 1375; x_wconf 88' lang='lat' dir='ltr'><strong>ad</strong></span> <span class='ocrx_word' id='word_1_65' title='bbox 1368 1333 1579 1392; x_wconf 85' lang='lat' dir='ltr'><strong>papam</strong></span> <span class='ocrx_word' id='word_1_66' title='bbox 1620 1358 2396 1377; x_wconf 90' lang='grc'><strong>.........</strong></span> <span class='ocrx_word' id='word_1_67' title='bbox 2511 1321 2614 1376; x_wconf 92' lang='grc'><strong>155</strong></span> 
     </span>
     <span class='ocr_line' id='line_1_12' title="bbox 491 1406 2607 1481; baseline -0.001 -18"><span class='ocrx_word' id='word_1_68' title='bbox 491 1406 578 1463; x_wconf 92' lang='grc' dir='ltr'><strong>ΒΘ</strong></span> <span class='ocrx_word' id='word_1_69' title='bbox 604 1406 1034 1464; x_wconf 85' lang='lat' dir='ltr'><strong>consecratione</strong></span> <span class='ocrx_word' id='word_1_70' title='bbox 1061 1407 1188 1481; x_wconf 83' lang='lat' dir='ltr'><strong>ejus</strong></span> <span class='ocrx_word' id='word_1_71' title='bbox 1233 1449 2390 1464; x_wconf 90' lang='grc'><strong>.............</strong></span> <span class='ocrx_word' id='word_1_72' title='bbox 2510 1428 2607 1462; x_wconf 76' lang='lat' dir='ltr'><strong>»n</strong></span> 
     </span>
     <span class='ocr_line' id='line_1_13' title="bbox 489 1495 2611 1568; baseline 0 -16"><span class='ocrx_word' id='word_1_73' title='bbox 489 1495 579 1552; x_wconf 92' lang='lat' dir='ltr'><strong>De</strong></span> <span class='ocrx_word' id='word_1_74' title='bbox 606 1495 797 1552; x_wconf 87' lang='lat' dir='ltr'><strong>reditu</strong></span> <span class='ocrx_word' id='word_1_75' title='bbox 827 1495 953 1568; x_wconf 80' lang='lat' dir='ltr'><strong>ejus</strong></span> <span class='ocrx_word' id='word_1_76' title='bbox 1043 1536 2392 1552; x_wconf 90' lang='grc'><strong>...............</strong></span> <span class='ocrx_word' id='word_1_77' title='bbox 2508 1497 2611 1553; x_wconf 90' lang='grc'><strong>156</strong></span> 
     </span>
     <span class='ocr_line' id='line_1_14' title="bbox 489 1582 2609 1656; baseline 0 -17"><span class='ocrx_word' id='word_1_78' title='bbox 489 1584 577 1639; x_wconf 89' lang='grc' dir='ltr'><strong>ΒΘ</strong></span> <span class='ocrx_word' id='word_1_79' title='bbox 606 1582 1037 1656; x_wconf 80' lang='lat' dir='ltr'><strong>recuperatione</strong></span> <span class='ocrx_word' id='word_1_80' title='bbox 1067 1584 1351 1641; x_wconf 88' lang='lat' dir='ltr'><strong>bonorum</strong></span> <span class='ocrx_word' id='word_1_81' title='bbox 1380 1582 1656 1640; x_wconf 80' lang='lat' dir='ltr'><strong>ecclesiae</strong></span> <span class='ocrx_word' id='word_1_82' title='bbox 1716 1626 2396 1642; x_wconf 91' lang='grc'><strong>........</strong></span> <span class='ocrx_word' id='word_1_83' title='bbox 2512 1605 2609 1639; x_wconf 75' lang='lat' dir='ltr'><strong>n»</strong></span> 
     </span>
     <span class='ocr_line' id='line_1_15' title="bbox 488 1672 2610 1746; baseline 0.001 -17"><span class='ocrx_word' id='word_1_84' title='bbox 488 1672 745 1746; x_wconf 80' lang='lat' dir='ltr'><strong>Explicit</strong></span> <span class='ocrx_word' id='word_1_85' title='bbox 771 1672 841 1730; x_wconf 91' lang='lat' dir='ltr'><strong>de</strong></span> <span class='ocrx_word' id='word_1_86' title='bbox 869 1672 1083 1730; x_wconf 90' lang='lat' dir='ltr'><strong>domno</strong></span> <span class='ocrx_word' id='word_1_87' title='bbox 1111 1672 1449 1730; x_wconf 90' lang='lat' dir='ltr'><strong>Burchardo</strong></span> <span class='ocrx_word' id='word_1_88' title='bbox 1472 1672 1742 1746; x_wconf 76' lang='lat' dir='ltr'><strong>episcopo</strong></span> <span class='ocrx_word' id='word_1_89' title='bbox 1811 1716 2393 1729; x_wconf 87' lang='grc'><strong>.......</strong></span> <span class='ocrx_word' id='word_1_90' title='bbox 2510 1675 2610 1731; x_wconf 88' lang='grc'><strong>157</strong></span> 
     </span>
     <span class='ocr_line' id='line_1_16' title="bbox 1249 1820 1855 1893; baseline -0.003 -15"><span class='ocrx_word' id='word_1_91' title='bbox 1249 1821 1461 1893; x_wconf 68' lang='lat' dir='ltr'><strong>[Gne-n</strong></span> <span class='ocrx_word' id='word_1_92' title='bbox 1497 1820 1855 1893; x_wconf 62' lang='lat' dir='ltr'><strong>Llnrnmnn]</strong></span> 
     </span>
     <span class='ocr_line' id='line_1_17' title="bbox 486 1961 2612 2037; baseline 0 -16"><span class='ocrx_word' id='word_1_93' title='bbox 486 1963 702 2037; x_wconf 82' lang='lat' dir='ltr'><strong>Incipit</strong></span> <span class='ocrx_word' id='word_1_94' title='bbox 720 1962 792 2020; x_wconf 89' lang='lat' dir='ltr'><strong>de</strong></span> <span class='ocrx_word' id='word_1_95' title='bbox 820 1963 1033 2020; x_wconf 91' lang='lat' dir='ltr'><strong>domno</strong></span> <span class='ocrx_word' id='word_1_96' title='bbox 1059 1961 1373 2020; x_wconf 88' lang='lat' dir='ltr'><strong>Liethardo</strong></span> <span class='ocrx_word' id='word_1_97' title='bbox 1402 1962 1672 2036; x_wconf 81' lang='lat' dir='ltr'><strong>episcopo</strong></span> <span class='ocrx_word' id='word_1_98' title='bbox 1715 2003 2392 2020; x_wconf 91' lang='grc'><strong>........</strong></span> <span class='ocrx_word' id='word_1_99' title='bbox 2509 1964 2612 2021; x_wconf 90' lang='grc'>158</span> 
     </span>
     <span class='ocr_line' id='line_1_18' title="bbox 488 2049 2396 2125; baseline 0 -16"><span class='ocrx_word' id='word_1_100' title='bbox 488 2054 575 2110; x_wconf 90' lang='grc' dir='ltr'><strong>ΒΘ</strong></span> <span class='ocrx_word' id='word_1_101' title='bbox 602 2052 854 2109; x_wconf 80' lang='lat' dir='ltr'><strong>adventu</strong></span> <span class='ocrx_word' id='word_1_102' title='bbox 883 2068 1064 2125; x_wconf 86' lang='lat' dir='ltr'><strong>papae</strong></span> <span class='ocrx_word' id='word_1_103' title='bbox 1093 2051 1245 2124; x_wconf 88' lang='lat' dir='ltr'><strong>apud</strong></span> <span class='ocrx_word' id='word_1_104' title='bbox 1294 2051 1674 2109; x_wconf 75' lang='lat' dir='ltr'><strong>cameracum</strong></span> <span class='ocrx_word' id='word_1_105' title='bbox 1699 2055 1781 2107; x_wconf 85' lang='lat' dir='ltr'><strong>&#39;et</strong></span> <span class='ocrx_word' id='word_1_106' title='bbox 1820 2049 1892 2107; x_wconf 90' lang='lat' dir='ltr'><strong>de</strong></span> <span class='ocrx_word' id='word_1_107' title='bbox 1939 2050 2221 2108; x_wconf 83' lang='lat' dir='ltr'><strong>electione</strong></span> <span class='ocrx_word' id='word_1_108' title='bbox 2263 2051 2396 2109; x_wconf 89' lang='lat' dir='ltr'><strong>Lie-</strong></span> 
     </span>
     <span class='ocr_line' id='line_1_19' title="bbox 666 2139 2605 2198; baseline -0.001 -1"><span class='ocrx_word' id='word_1_109' title='bbox 666 2139 858 2197; x_wconf 81' lang='lat' dir='ltr'><strong>thardi</strong></span> <span class='ocrx_word' id='word_1_110' title='bbox 865 2179 2390 2198; x_wconf 90' lang='grc'><strong>.................</strong></span> <span class='ocrx_word' id='word_1_111' title='bbox 2508 2160 2605 2195; x_wconf 78' lang='lat' dir='ltr'><strong>n»</strong></span> 
     </span>
     <span class='ocr_line' id='line_1_20' title="bbox 488 2227 2612 2301; baseline -0 -14"><span class='ocrx_word' id='word_1_112' title='bbox 488 2231 576 2287; x_wconf 91' lang='lat' dir='ltr'><strong>De</strong></span> <span class='ocrx_word' id='word_1_113' title='bbox 602 2228 1034 2287; x_wconf 84' lang='lat' dir='ltr'><strong>consecratione</strong></span> <span class='ocrx_word' id='word_1_114' title='bbox 1059 2229 1185 2301; x_wconf 79' lang='lat' dir='ltr'><strong>ejus</strong></span> <span class='ocrx_word' id='word_1_115' title='bbox 1214 2235 1273 2285; x_wconf 92' lang='lat' dir='ltr'><strong>et</strong></span> <span class='ocrx_word' id='word_1_116' title='bbox 1300 2227 1372 2285; x_wconf 91' lang='lat' dir='ltr'><strong>de</strong></span> <span class='ocrx_word' id='word_1_117' title='bbox 1399 2228 1607 2284; x_wconf 86' lang='lat' dir='ltr'><strong>infami</strong></span> <span class='ocrx_word' id='word_1_118' title='bbox 1637 2228 1764 2301; x_wconf 86' lang='lat' dir='ltr'><strong>ejus</strong></span> <span class='ocrx_word' id='word_1_119' title='bbox 1793 2227 2227 2285; x_wconf 82' lang='lat' dir='ltr'><strong>conversatione</strong></span> <span class='ocrx_word' id='word_1_120' title='bbox 2283 2271 2296 2283; x_wconf 92' lang='lat'>.</span> <span class='ocrx_word' id='word_1_121' title='bbox 2378 2272 2392 2285; x_wconf 87' lang='lat'><strong><em>.</em></strong></span> <span class='ocrx_word' id='word_1_122' title='bbox 2506 2229 2612 2286; x_wconf 84' lang='lat'><strong>159</strong></span> 
     </span>
     <span class='ocr_line' id='line_1_21' title="bbox 488 2316 2612 2387; baseline -0 -12"><span class='ocrx_word' id='word_1_123' title='bbox 488 2318 653 2387; x_wconf 86' lang='lat' dir='ltr'><strong>Quod</strong></span> <span class='ocrx_word' id='word_1_124' title='bbox 683 2317 974 2375; x_wconf 82' lang='lat' dir='ltr'><strong>Gerardue</strong></span> <span class='ocrx_word' id='word_1_125' title='bbox 1002 2316 1468 2375; x_wconf 80' lang='lat' dir='ltr'><strong>Malus-filiaster</strong></span> <span class='ocrx_word' id='word_1_126' title='bbox 1494 2333 1631 2373; x_wconf 87' lang='lat' dir='ltr'><strong>eum</strong></span> <span class='ocrx_word' id='word_1_127' title='bbox 1661 2316 1943 2373; x_wconf 77' lang='lat' dir='ltr'><strong>invaserit</strong></span> <span class='ocrx_word' id='word_1_128' title='bbox 2002 2358 2393 2374; x_wconf 93' lang='grc'><strong>.....</strong></span> <span class='ocrx_word' id='word_1_129' title='bbox 2509 2318 2612 2375; x_wconf 91' lang='grc'>162</span> 
     </span>
     <span class='ocr_line' id='line_1_22' title="bbox 486 2405 2611 2478; baseline 0 -15"><span class='ocrx_word' id='word_1_130' title='bbox 486 2406 573 2463; x_wconf 92' lang='grc' dir='ltr'><strong>ΒΘ</strong></span> <span class='ocrx_word' id='word_1_131' title='bbox 600 2405 834 2463; x_wconf 79' lang='lat' dir='ltr'><strong>Castelli</strong></span> <span class='ocrx_word' id='word_1_132' title='bbox 863 2405 1127 2478; x_wconf 88' lang='lat' dir='ltr'><strong>captione</strong></span> <span class='ocrx_word' id='word_1_133' title='bbox 1140 2447 2391 2464; x_wconf 90' lang='grc'><strong>..............</strong></span> <span class='ocrx_word' id='word_1_134' title='bbox 2507 2405 2611 2463; x_wconf 87' lang='grc'>163</span> 
     </span>
     <span class='ocr_line' id='line_1_23' title="bbox 485 2494 2609 2568; baseline 0 -17"><span class='ocrx_word' id='word_1_135' title='bbox 485 2495 573 2551; x_wconf 89' lang='grc' dir='ltr'>ΒΘ</span> <span class='ocrx_word' id='word_1_136' title='bbox 599 2495 856 2568; x_wconf 78' lang='lat' dir='ltr'><strong>Symone</strong></span> <span class='ocrx_word' id='word_1_137' title='bbox 883 2494 1195 2551; x_wconf 84' lang='lat' dir='ltr'><strong>castellano</strong></span> <span class='ocrx_word' id='word_1_138' title='bbox 1238 2535 2390 2552; x_wconf 91' lang='grc'><strong>.............</strong></span> <span class='ocrx_word' id='word_1_139' title='bbox 2507 2495 2609 2553; x_wconf 82' lang='grc'>164</span> 
     </span>
     <span class='ocr_line' id='line_1_24' title="bbox 486 2581 2609 2656; baseline 0 -16"><span class='ocrx_word' id='word_1_140' title='bbox 486 2582 788 2651; x_wconf 83' lang='lat' dir='ltr'><strong>Quomodo</strong></span> <span class='ocrx_word' id='word_1_141' title='bbox 815 2582 1161 2639; x_wconf 80' lang='lat' dir='ltr'><strong>Liethardue</strong></span> <span class='ocrx_word' id='word_1_142' title='bbox 1188 2582 1493 2656; x_wconf 84' lang='lat' dir='ltr'><strong>episcopus</strong></span> <span class='ocrx_word' id='word_1_143' title='bbox 1521 2583 1599 2639; x_wconf 86' lang='lat' dir='ltr'><strong>sit</strong></span> <span class='ocrx_word' id='word_1_144' title='bbox 1625 2581 1922 2656; x_wconf 83' lang='lat' dir='ltr'><strong>depositus</strong></span> <span class='ocrx_word' id='word_1_145' title='bbox 1997 2626 2392 2639; x_wconf 92' lang='grc'><strong>.....</strong></span> <span class='ocrx_word' id='word_1_146' title='bbox 2507 2583 2609 2640; x_wconf 89' lang='grc'>167</span> 
     </span>
    </p>
   </div>
   <div class='ocr_carea' id='block_1_3' title="bbox 1272 2735 1807 2809">
    <p class='ocr_par' dir='ltr' id='par_1_3' title="bbox 1272 2735 1807 2809">
     <span class='ocr_line' id='line_1_25' title="bbox 1272 2735 1807 2809; baseline -0.002 -17"><span class='ocrx_word' id='word_1_147' title='bbox 1272 2735 1482 2808; x_wconf 61' lang='lat' dir='ltr'><strong>[Gne-ra</strong></span> <span class='ocrx_word' id='word_1_148' title='bbox 1518 2735 1807 2809; x_wconf 49' lang='lat' dir='ltr'><strong>Nicoma]</strong></span> 
     </span>
    </p>
   </div>
   <div class='ocr_carea' id='block_1_4' title="bbox 482 2876 2610 4172">
    <p class='ocr_par' dir='ltr' id='par_1_4' title="bbox 482 2876 2610 4172">
     <span class='ocr_line' id='line_1_26' title="bbox 483 2876 2609 2951; baseline 0 -18"><span class='ocrx_word' id='word_1_149' title='bbox 483 2876 701 2951; x_wconf 88' lang='lat' dir='ltr'><strong>Incipit</strong></span> <span class='ocrx_word' id='word_1_150' title='bbox 735 2877 805 2932; x_wconf 90' lang='lat' dir='ltr'><strong>de</strong></span> <span class='ocrx_word' id='word_1_151' title='bbox 834 2876 1049 2934; x_wconf 89' lang='lat' dir='ltr'><strong>domno</strong></span> <span class='ocrx_word' id='word_1_152' title='bbox 1075 2877 1358 2934; x_wconf 89' lang='lat' dir='ltr'><strong>Nicholao</strong></span> <span class='ocrx_word' id='word_1_153' title='bbox 1389 2878 1791 2935; x_wconf 79' lang='lat' dir='ltr'><strong>Cameracensi</strong></span> <span class='ocrx_word' id='word_1_154' title='bbox 1805 2921 2390 2934; x_wconf 92' lang='grc'><strong>.......</strong></span> <span class='ocrx_word' id='word_1_155' title='bbox 2508 2878 2609 2935; x_wconf 86' lang='grc'>173</span> 
     </span>
     <span class='ocr_line' id='line_1_27' title="bbox 483 2965 2606 3024; baseline -0.001 -3"><span class='ocrx_word' id='word_1_156' title='bbox 483 2966 570 3022; x_wconf 90' lang='grc' dir='ltr'><strong>ΒΘ</strong></span> <span class='ocrx_word' id='word_1_157' title='bbox 598 2965 877 3022; x_wconf 88' lang='lat' dir='ltr'><strong>electione</strong></span> <span class='ocrx_word' id='word_1_158' title='bbox 905 2965 1137 3023; x_wconf 84' lang='lat' dir='ltr'><strong>Ottonis</strong></span> <span class='ocrx_word' id='word_1_159' title='bbox 1142 3009 2389 3024; x_wconf 91' lang='grc'><strong>..............</strong></span> <span class='ocrx_word' id='word_1_160' title='bbox 2510 2986 2606 3021; x_wconf 78' lang='grc' dir='ltr'><strong>υ»</strong></span> 
     </span>
     <span class='ocr_line' id='line_1_28' title="bbox 483 3054 2607 3127; baseline 0 -17"><span class='ocrx_word' id='word_1_161' title='bbox 483 3055 572 3111; x_wconf 91' lang='grc' dir='ltr'>ΒΘ</span> <span class='ocrx_word' id='word_1_162' title='bbox 597 3054 877 3111; x_wconf 89' lang='lat' dir='ltr'><strong>electione</strong></span> <span class='ocrx_word' id='word_1_163' title='bbox 903 3054 1174 3111; x_wconf 88' lang='lat' dir='ltr'><strong>Nicholai</strong></span> <span class='ocrx_word' id='word_1_164' title='bbox 1200 3054 1458 3127; x_wconf 86' lang='lat' dir='ltr'><strong>episcopi</strong></span> <span class='ocrx_word' id='word_1_165' title='bbox 1512 3095 2387 3112; x_wconf 91' lang='grc'><strong>..........</strong></span> <span class='ocrx_word' id='word_1_166' title='bbox 2506 3056 2607 3111; x_wconf 90' lang='grc'>175</span> 
     </span>
     <span class='ocr_line' id='line_1_29' title="bbox 482 3142 2608 3216; baseline 0 -17"><span class='ocrx_word' id='word_1_167' title='bbox 482 3142 571 3199; x_wconf 89' lang='grc' dir='ltr'>ΒΘ</span> <span class='ocrx_word' id='word_1_168' title='bbox 598 3143 921 3214; x_wconf 87' lang='lat' dir='ltr'><strong>receptione</strong></span> <span class='ocrx_word' id='word_1_169' title='bbox 949 3143 1103 3216; x_wconf 88' lang='lat' dir='ltr'><strong>apud</strong></span> <span class='ocrx_word' id='word_1_170' title='bbox 1133 3143 1509 3200; x_wconf 87' lang='lat' dir='ltr'><strong>Cameracum</strong></span> <span class='ocrx_word' id='word_1_171' title='bbox 1519 3185 2387 3201; x_wconf 91' lang='grc'><strong>..........</strong></span> <span class='ocrx_word' id='word_1_172' title='bbox 2506 3145 2608 3200; x_wconf 86' lang='grc'>177</span> 
     </span>
     <span class='ocr_line' id='line_1_30' title="bbox 485 3229 2607 3289; baseline 0.002 -4"><span class='ocrx_word' id='word_1_173' title='bbox 485 3230 573 3286; x_wconf 91' lang='grc' dir='ltr'>ΒΘ</span> <span class='ocrx_word' id='word_1_174' title='bbox 600 3229 854 3287; x_wconf 87' lang='lat' dir='ltr'><strong>Gerardo</strong></span> <span class='ocrx_word' id='word_1_175' title='bbox 882 3230 1037 3287; x_wconf 89' lang='lat' dir='ltr'><strong>Malo</strong></span> <span class='ocrx_word' id='word_1_176' title='bbox 1068 3230 1310 3289; x_wconf 86' lang='lat' dir='ltr'><strong>filiastro</strong></span> <span class='ocrx_word' id='word_1_177' title='bbox 1326 3274 2388 3288; x_wconf 90' lang='grc'><strong>............</strong></span> <span class='ocrx_word' id='word_1_178' title='bbox 2503 3233 2607 3289; x_wconf 89' lang='grc'><strong>178</strong></span> 
     </span>
     <span class='ocr_line' id='line_1_31' title="bbox 486 3317 2604 3392; baseline 0.002 -19"><span class='ocrx_word' id='word_1_179' title='bbox 486 3318 572 3374; x_wconf 92' lang='grc' dir='ltr'>ΒΘ</span> <span class='ocrx_word' id='word_1_180' title='bbox 601 3317 866 3391; x_wconf 85' lang='lat' dir='ltr'><strong>captione</strong></span> <span class='ocrx_word' id='word_1_181' title='bbox 894 3319 1019 3392; x_wconf 81' lang='lat' dir='ltr'><strong>ejus</strong></span> <span class='ocrx_word' id='word_1_182' title='bbox 1045 3360 2389 3378; x_wconf 91' lang='grc'><strong>...............</strong></span> <span class='ocrx_word' id='word_1_183' title='bbox 2505 3320 2604 3377; x_wconf 89' lang='grc'><strong>181</strong></span> 
     </span>
     <span class='ocr_line' id='line_1_32' title="bbox 484 3405 2608 3465; baseline 0.001 -3"><span class='ocrx_word' id='word_1_184' title='bbox 484 3406 569 3462; x_wconf 90' lang='grc' dir='ltr'>ΒΘ</span> <span class='ocrx_word' id='word_1_185' title='bbox 596 3405 918 3463; x_wconf 88' lang='lat' dir='ltr'><strong>redditione</strong></span> <span class='ocrx_word' id='word_1_186' title='bbox 946 3406 1098 3464; x_wconf 82' lang='lat' dir='ltr'><strong>Novi</strong></span> <span class='ocrx_word' id='word_1_187' title='bbox 1128 3407 1363 3464; x_wconf 84' lang='lat' dir='ltr'><strong>Castelli</strong></span> <span class='ocrx_word' id='word_1_188' title='bbox 1394 3416 1453 3465; x_wconf 89' lang='lat' dir='ltr'><strong>et</strong></span> <span class='ocrx_word' id='word_1_189' title='bbox 1478 3407 1842 3465; x_wconf 87' lang='lat' dir='ltr'><strong>absolutione</strong></span> <span class='ocrx_word' id='word_1_190' title='bbox 1871 3406 2114 3464; x_wconf 87' lang='lat' dir='ltr'><strong>Gerardi</strong></span> <span class='ocrx_word' id='word_1_191' title='bbox 2184 3451 2196 3462; x_wconf 87' lang='lat'><strong>.</strong></span> <span class='ocrx_word' id='word_1_192' title='bbox 2279 3450 2290 3461; x_wconf 95' lang='lat'>.</span> <span class='ocrx_word' id='word_1_193' title='bbox 2372 3449 2386 3463; x_wconf 92' lang='lat'><em>.</em></span> <span class='ocrx_word' id='word_1_194' title='bbox 2503 3408 2608 3465; x_wconf 91' lang='grc'>182</span> 
     </span>
     <span class='ocr_line' id='line_1_33' title="bbox 483 3494 2607 3570; baseline 0 -19"><span class='ocrx_word' id='word_1_195' title='bbox 483 3495 571 3551; x_wconf 99' lang='grc' dir='ltr'><strong>ΒΘ</strong></span> <span class='ocrx_word' id='word_1_196' title='bbox 599 3494 951 3568; x_wconf 88' lang='lat' dir='ltr'><strong>profectione</strong></span> <span class='ocrx_word' id='word_1_197' title='bbox 973 3494 1243 3552; x_wconf 88' lang='lat' dir='ltr'><strong>Nicholai</strong></span> <span class='ocrx_word' id='word_1_198' title='bbox 1270 3497 1529 3570; x_wconf 86' lang='lat' dir='ltr'><strong>episcopi</strong></span> <span class='ocrx_word' id='word_1_199' title='bbox 1558 3495 1630 3552; x_wconf 88' lang='lat' dir='ltr'><strong>ad</strong></span> <span class='ocrx_word' id='word_1_200' title='bbox 1660 3495 2160 3570; x_wconf 83' lang='lat' dir='ltr'><strong>archiepiscopum</strong></span> <span class='ocrx_word' id='word_1_201' title='bbox 2186 3539 2199 3552; x_wconf 91' lang='lat'>.</span> <span class='ocrx_word' id='word_1_202' title='bbox 2282 3539 2295 3552; x_wconf 93' lang='lat'><strong>.</strong></span> <span class='ocrx_word' id='word_1_203' title='bbox 2375 3541 2386 3551; x_wconf 94' lang='lat'>.</span> <span class='ocrx_word' id='word_1_204' title='bbox 2504 3496 2607 3552; x_wconf 84' lang='grc'>184</span> 
     </span>
     <span class='ocr_line' id='line_1_34' title="bbox 486 3582 2608 3656; baseline 0 -17"><span class='ocrx_word' id='word_1_205' title='bbox 486 3583 571 3639; x_wconf 89' lang='grc' dir='ltr'><strong>ΒΘ</strong></span> <span class='ocrx_word' id='word_1_206' title='bbox 599 3582 1028 3640; x_wconf 84' lang='lat' dir='ltr'><strong>consecratione</strong></span> <span class='ocrx_word' id='word_1_207' title='bbox 1055 3584 1178 3656; x_wconf 81' lang='lat' dir='ltr'><strong>ejus</strong></span> <span class='ocrx_word' id='word_1_208' title='bbox 1235 3626 2388 3642; x_wconf 90' lang='grc'><strong>.............</strong></span> <span class='ocrx_word' id='word_1_209' title='bbox 2505 3584 2608 3640; x_wconf 90' lang='grc'><strong>185</strong></span> 
     </span>
     <span class='ocr_line' id='line_1_35' title="bbox 485 3669 2607 3746; baseline 0.001 -21"><span class='ocrx_word' id='word_1_210' title='bbox 485 3669 745 3737; x_wconf 88' lang='lat' dir='ltr'><strong>Qualiter</strong></span> <span class='ocrx_word' id='word_1_211' title='bbox 772 3669 1061 3726; x_wconf 85' lang='lat' dir='ltr'><strong>Gerardus</strong></span> <span class='ocrx_word' id='word_1_212' title='bbox 1090 3687 1292 3744; x_wconf 86' lang='lat' dir='ltr'><strong>pacem</strong></span> <span class='ocrx_word' id='word_1_213' title='bbox 1320 3672 1621 3746; x_wconf 86' lang='lat' dir='ltr'><strong>infregerit</strong></span> <span class='ocrx_word' id='word_1_214' title='bbox 1709 3715 2388 3730; x_wconf 90' lang='grc'><strong>........</strong></span> <span class='ocrx_word' id='word_1_215' title='bbox 2506 3672 2607 3729; x_wconf 87' lang='grc'>187</span> 
     </span>
     <span class='ocr_line' id='line_1_36' title="bbox 484 3757 2609 3830; baseline 0.001 -18"><span class='ocrx_word' id='word_1_216' title='bbox 484 3757 571 3813; x_wconf 87' lang='grc' dir='ltr'><strong>ΒΘ</strong></span> <span class='ocrx_word' id='word_1_217' title='bbox 599 3757 863 3830; x_wconf 81' lang='lat' dir='ltr'><strong>nequitia</strong></span> <span class='ocrx_word' id='word_1_218' title='bbox 890 3757 1131 3814; x_wconf 84' lang='lat' dir='ltr'><strong>Gerardi</strong></span> <span class='ocrx_word' id='word_1_219' title='bbox 1138 3801 2391 3818; x_wconf 91' lang='grc'><strong>..............</strong></span> <span class='ocrx_word' id='word_1_220' title='bbox 2506 3758 2609 3816; x_wconf 87' lang='grc'>190</span> 
     </span>
     <span class='ocr_line' id='line_1_37' title="bbox 486 3844 2610 3920; baseline 0.001 -19"><span class='ocrx_word' id='word_1_221' title='bbox 486 3844 649 3914; x_wconf 86' lang='lat' dir='ltr'><strong>Quod</strong></span> <span class='ocrx_word' id='word_1_222' title='bbox 680 3845 985 3918; x_wconf 76' lang='lat' dir='ltr'><strong>episcopus</strong></span> <span class='ocrx_word' id='word_1_223' title='bbox 1012 3863 1072 3902; x_wconf 83' lang='lat' dir='ltr'><strong>se</strong></span> <span class='ocrx_word' id='word_1_224' title='bbox 1100 3846 1405 3904; x_wconf 84' lang='lat' dir='ltr'><strong>defendere</strong></span> <span class='ocrx_word' id='word_1_225' title='bbox 1433 3849 1722 3920; x_wconf 77' lang='lat' dir='ltr'><strong>paraverit</strong></span> <span class='ocrx_word' id='word_1_226' title='bbox 1801 3888 2389 3906; x_wconf 92' lang='grc'><strong>.......</strong></span> <span class='ocrx_word' id='word_1_227' title='bbox 2505 3846 2610 3903; x_wconf 87' lang='grc'>192</span> 
     </span>
     <span class='ocr_line' id='line_1_38' title="bbox 485 3933 2608 4008; baseline 0 -18"><span class='ocrx_word' id='word_1_228' title='bbox 485 3934 572 3990; x_wconf 88' lang='grc' dir='ltr'><strong>ΒΘ</strong></span> <span class='ocrx_word' id='word_1_229' title='bbox 601 3950 784 3990; x_wconf 84' lang='lat' dir='ltr'><strong>werra</strong></span> <span class='ocrx_word' id='word_1_230' title='bbox 812 3933 963 3991; x_wconf 89' lang='lat' dir='ltr'><strong>inter</strong></span> <span class='ocrx_word' id='word_1_231' title='bbox 991 3934 1328 4008; x_wconf 85' lang='lat' dir='ltr'><strong>episcopum</strong></span> <span class='ocrx_word' id='word_1_232' title='bbox 1357 3942 1415 3992; x_wconf 89' lang='lat' dir='ltr'><strong>et</strong></span> <span class='ocrx_word' id='word_1_233' title='bbox 1444 3937 1768 3994; x_wconf 86' lang='lat' dir='ltr'><strong>Gerardum</strong></span> <span class='ocrx_word' id='word_1_234' title='bbox 1798 3945 1925 3993; x_wconf 86' lang='lat' dir='ltr'><strong>orta</strong></span> <span class='ocrx_word' id='word_1_235' title='bbox 1999 3978 2391 3993; x_wconf 92' lang='grc'><strong>.....</strong></span> <span class='ocrx_word' id='word_1_236' title='bbox 2507 3935 2608 3992; x_wconf 84' lang='grc'>194</span> 
     </span>
     <span class='ocr_line' id='line_1_39' title="bbox 483 4023 2608 4097; baseline 0.001 -19"><span class='ocrx_word' id='word_1_237' title='bbox 483 4023 572 4078; x_wconf 89' lang='grc' dir='ltr'><strong>ΒΘ</strong></span> <span class='ocrx_word' id='word_1_238' title='bbox 603 4023 853 4079; x_wconf 85' lang='lat' dir='ltr'><strong>secunda</strong></span> <span class='ocrx_word' id='word_1_239' title='bbox 882 4023 1147 4097; x_wconf 83' lang='lat' dir='ltr'><strong>captione</strong></span> <span class='ocrx_word' id='word_1_240' title='bbox 1176 4024 1416 4082; x_wconf 83' lang='lat' dir='ltr'><strong>Gerardi</strong></span> <span class='ocrx_word' id='word_1_241' title='bbox 1423 4067 2387 4084; x_wconf 91' lang='grc'><strong>...........</strong></span> <span class='ocrx_word' id='word_1_242' title='bbox 2506 4023 2608 4080; x_wconf 89' lang='grc'><strong>195</strong></span> 
     </span>
     <span class='ocr_line' id='line_1_40' title="bbox 485 4111 2604 4172; baseline -0.001 -3"><span class='ocrx_word' id='word_1_243' title='bbox 485 4111 572 4169; x_wconf 89' lang='grc' dir='ltr'><strong>ΒΘ</strong></span> <span class='ocrx_word' id='word_1_244' title='bbox 601 4119 785 4169; x_wconf 88' lang='lat' dir='ltr'><strong>morte</strong></span> <span class='ocrx_word' id='word_1_245' title='bbox 815 4112 1054 4169; x_wconf 88' lang='lat' dir='ltr'><strong>Gerardi</strong></span> <span class='ocrx_word' id='word_1_246' title='bbox 1139 4156 2390 4172; x_wconf 91' lang='grc'><strong>..............</strong></span> <span class='ocrx_word' id='word_1_247' title='bbox 2504 4113 2604 4170; x_wconf 89' lang='grc'>197</span> 
     </span>
    </p>
   </div>
  </div>
 </body>
</html>
