3478 5438
961 487 1026 537 22
1908 476 2113 529 GESTA

1399 636 1492 687 ex
1526 634 1925 711 pauperum
1958 607 2327 685 doloribus

965 729 1105 805 ⁴⁴4
1497 724 2006 825 compatienter
2042 720 2291 797 doluit.

1397 841 1600 932 Quod
1636 840 1811 915 dum
1845 838 1995 938 pati
2024 862 2167 913 non
2204 838 2463 937 potuit,

1398 958 1530 1032 hos
1565 983 1608 1030 a
1642 954 1855 1043 malo,
1900 962 1981 1028 ut
2014 954 2285 1051 debuit,

1395 1071 1596 1172 prius
1631 1094 1909 1145 cessare
1944 1069 2242 1145 monuit.

965 1191 1106 1262 115
1495 1189 1640 1259 Hec
1673 1183 1891 1259 etiam
1924 1190 2094 1282 post
2130 1182 2399 1259 monita

1396 1298 1753 1399 promittit
1785 1298 1957 1373 dare
1990 1284 2289 1373 munera

1401 1424 1482 1489 ut
1515 1414 1889 1489 diruantur
1920 1412 2189 1511 oppida

1400 1538 1475 1605 et
1507 1530 1578 1604 in
1617 1554 1793 1629 paee
1829 1529 1975 1603 sint
2005 1527 2271 1603 omnia.

967 1650 1107 1721 116
1491 1645 1760 1721 Nolunt
1793 1644 1983 1719 dona
2016 1642 2361 1742 recipere,

1397 1761 1644 1835 nolunt
1679 1760 1878 1835 illum
1914 1758 2233 1859 diligere,

1399 1875 1526 1949 sed
1561 1874 1901 1950 insultant
1936 1874 2027 1949 ab
2062 1873 2377 1971 undique

1401 1991 1767 2067 eeclesiam
1804 1989 2265 2066 confundere.

968 2110 1108 2180 117
1497 2110 1688 2196 Quos
1723 2130 1891 2179 cum
1924 2104 2189 2180 electus
2224 2104 2547 2203 pontifex

1401 2244 1572 2322 erga
1605 2220 1805 2297 illum
1841 2228 1913 2294 et
1948 2244 2300 2318 pauperes

1405 2337 1682 2437 aspexit
1717 2335 2136 2411 inflexibiles

1403 2460 1613 2551 atque
1648 2451 2227 2541 inemendabiles»,

971 2572 998 2641 1
1020 2570 1109 2643 18
1500 2566 1783 2667 collegit
1820 2565 2191 2641 solidarios

1402 2682 1722 2782 privatos
1760 2689 1831 2757 et
1868 2690 2245 2758 exn-aneos

1404 2798 1495 2875 ad
1533 2797 2048 2898 expugnandos
2084 2797 2341 2895 impios

1405 2913 1730 2993 crudeles
1766 2921 1978 3012 atque
2012 2912 2327 2987 rabidos,

972 3034 1112 3105 119
1501 3029 1634 3119 Qui
1669 3029 2157 3128 septingentos
2192 3027 2483 3104 milites¹

1403 3144 1519 3219 hic
1552 3154 1803 3219 tenens
1834 3168 1973 3242 per
2006 3143 2269 3220 multos
2305 3143 2459 3220 dies

1406 3258 1724 3335 defendit
1759 3282 1837 3334 se
1872 3266 1946 3333 et
1980 3283 2334 3358 pauperes

1404 3373 1496 3450 de
1531 3374 1855 3450 hostibus
1889 3373 2212 3450 viriliter.

976 3492 1114 3566 120
1503 3491 1763 3564 Contra
1798 3511 2105 3588 quorum
2140 3488 2575 3587 superbiam,

1405 3603 1718 3678 furorem
1754 3612 1829 3678 et
1860 3603 2253 3701 potentiam

1406 3716 1703 3794 detinuit
1739 3719 1921 3792 hanc
1954 3717 2259 3816 patriam

1043 3939 1097 3994 1.
1146 3937 1230 3995 La
1265 3938 1510 3997 Vel-sion
1553 3939 1835 4009 tranoaise
1879 3938 2021 3998 rend
2070 3955 2136 3998 oe
2180 3945 2302 3996 mot
2346 3953 2449 4011 par
2493 3939 2805 3994 chevaliers.
2858 3936 2909 3993 11
2958 3937 3077 3994 saut

970 4025 1245 4084 entendre
1269 4044 1400 4098 qens
1426 4029 1490 4084 de
1513 4044 1712 4098 quer-re
1737 4043 1816 4085 en
1842 4027 2090 4100 general.
2124 4025 2202 4084 Co
2229 4027 2469 4084 nombre
2504 4023 2575 4082 de
2614 4025 2718 4082 700
2760 4023 3073 4083 chevaliers

970 4115 1327 4189 supposerait
1367 4132 1482 4173 une
1521 4115 1672 4174 force
1711 4119 1905 4174 armee
1942 4116 2077 4174 bion
2114 4116 2440 4189 superioure
2481 4131 2597 4172 aux
2636 4129 2963 4174 ressouroes
3004 4113 3075 4172 de

969 4203 1227 4278 l’eveque
1255 4203 1326 4263 de
1353 4203 1615 4262 Cambrai
1643 4212 1701 4262 et
1726 4205 1763 4262 ὲ
1790 4204 2181 4278 l’importanoe
2208 4205 2280 4263 de
2308 4203 2682 4278 l’entreprise.
