3478 5438
1061 938 1337 1012 TABLE
1386 937 1504 1010 DU
1553 934 1930 1012 VOLUME.

1188 1539 1397 1611 [Ges-ra
1434 1537 1729 1596 Gitonem
1744 1539 1763 1578 ⁴
1777 1539 1816 1610 .]

443 1679 660 1752 Incipit
684 1678 955 1754 prologus
982 1679 1047 1735 in
1072 1677 1198 1736 vita
1222 1678 1451 1736 Galceri
1478 1677 1913 1736 Cameracensis
1939 1677 2197 1752 episcopi
2239 1721 2253 1735 .
2333 1720 2347 1734 .

444 1766 703 1842 Explicit
730 1767 1018 1842 prologus.
1050 1767 1269 1840 Incipit
1294 1767 1417 1824 vita
1446 1767 1537 1824 vel
1574 1773 1739 1824 actus
1779 1766 2050 1824 Galcheri
2079 1766 2348 1824 Camera-

624 1856 815 1914 censis
840 1856 1097 1930 episcopi
1106 1895 2348 1914 ..............

449 1943 539 2002 ΒΘ
566 1945 847 2004 electione
875 1945 1143 2002 Manasse
1203 1984 2353 2002 .............

449 2032 711 2102 Qualiter
736 2033 1141 2091 Atrebatensis
1166 2032 1444 2091 aecclesia
1470 2049 1507 2090 a
1546 2031 1950 2091 cameracensi
1979 2031 2058 2090 sit
2082 2031 2272 2089 divisa
2299 2037 2357 2088 et

628 2121 701 2180 de
728 2123 1037 2181 Lamberto
1066 2122 1253 2196 primo
1280 2123 1537 2196 ejusdem
1566 2121 1822 2180 civitatis
1849 2121 2118 2196 episcopo
2149 2163 2163 2178 .
2245 2165 2258 2176 .
2338 2163 2352 2177 .

449 2211 539 2268 De
569 2212 848 2270 electione
868 2212 1099 2270 Galceri
1106 2251 2352 2270 ..............

451 2301 540 2358 ΒΘ
566 2302 995 2360 consecratione
1024 2301 1321 2360 Lamberti
1349 2299 1780 2358 Attrehatensis
1805 2299 2066 2373 episcopi
2145 2343 2156 2356 .
2239 2344 2251 2355 .
2339 2342 2353 2358 .

452 2389 541 2447 De
567 2389 753 2447 reditu
782 2389 1007 2448 Galceri
1042 2390 1116 2447 ab
1144 2389 1509 2463 imperatoris
1546 2389 1707 2446 curia
1768 2427 2350 2446 .......

452 2479 543 2536 ΒΘ
569 2479 911 2538 adversariis
938 2480 1063 2553 eius
1105 2516 2353 2536 ..............

453 2567 543 2624 ΒΘ
569 2568 999 2626 consecratione
1028 2566 1257 2624 Galceri
1286 2575 1345 2625 et
1378 2567 1450 2624 de
1484 2567 1828 2642 expulsione
1856 2566 2125 2624 Manasse
2151 2565 2354 2624 adver-

632 2671 770 2712 saru
814 2672 937 2729 eJus
1015 2697 2356 2714 ...............

455 2743 719 2811 Qualiter
745 2744 1021 2803 Gralcerus
1044 2762 1081 2802 a
1098 2762 1247 2821 papa
1275 2746 1515 2805 Urbano
1534 2746 1611 2803 sit
1636 2744 1932 2821 depositus
1951 2751 2011 2802 et
2027 2760 2359 2802 excommu-

636 2832 866 2890 nicatus
893 2840 952 2891 et
976 2833 1275 2892 Manasses
1306 2835 1371 2893 in
1400 2835 1523 2893 loco
1552 2835 1678 2908 ejus
1707 2834 2052 2909 subrogatus
2079 2833 2170 2891 vel
2201 2832 2361 2891 resti-

636 2928 799 2979 tutus
824 2964 2356 2982 .................

457 3010 545 3067 ΒΘ
570 3016 757 3067 morte
786 3009 1096 3085 Raginaldi
1125 3011 1433 3070 Remensis
1461 3012 1884 3086 archiepiscopi
1961 3054 2356 3070 .....

458 3099 547 3155 ΒΘ
574 3098 709 3173 fuga
735 3098 1075 3157 clericorum
1104 3100 1605 3158 Cameracensium
1682 3142 2358 3158 ........

457 3186 719 3255 Qualiter
745 3186 1183 3245 cameracenses
1212 3188 1565 3246 Galcherum
1594 3188 1994 3245 refutaverunt
2061 3230 2073 3243 .
2157 3231 2168 3242 .
2249 3230 2262 3243 .
2345 3230 2355 3241 .

460 3276 549 3332 De
570 3276 920 3349 profectione
949 3276 1219 3335 Gralcheri
1245 3277 1317 3334 ad
1346 3277 1759 3353 imperatorem
1779 3318 2359 3335 .......

460 3364 549 3420 ΒΘ
576 3364 713 3439 fuga
739 3365 1005 3423 Manasse
1032 3372 1093 3423 et
1116 3366 1443 3440 receptione
1470 3364 1742 3423 Galcheri
1787 3364 1940 3423 infra
1965 3365 2170 3422 urbem
2249 3406 2262 3421 .
2344 3407 2357 3418 .

461 3450 627 3519 Quod
640 3452 971 3597 af{obertus
1020 3469 1215 3513 comes
1270 3454 1643 3512 Flandrensis
1699 3454 2142 3512 cameracenses
2195 3450 2363 3509 valde

740 3540 854 3598 ixit
928 3583 2359 3600 ................

463 3628 551 3685 ΒΘ
579 3645 853 3685 succursu
882 3629 1247 3703 imperatoris
1303 3672 2360 3690 ............

392 3793 407 3802 ,
464 3716 551 3774 De
577 3718 826 3776 adventu
857 3719 1220 3793 imperatoris
1248 3720 1313 3777 in
1340 3720 1493 3778 hanc
1520 3727 1731 3777 terram
1780 3762 2361 3779 .......

464 3806 552 3862 ΒΘ
578 3822 838 3879 regressu
868 3806 1233 3881 imperatoris
1260 3808 1333 3865 ad
1361 3809 1592 3881 propria
1677 3848 2359 3867 ........

467 3894 553 3951 ΒΘ
582 3896 778 3952 treviis
804 3911 839 3953 a
866 3896 1077 3955 comite
1105 3896 1331 3955 civibus
1359 3898 1512 3955 datis

2502 3010 2570 3067 43

2503 3098 2574 3156 47

2506 3184 2574 3241 55

2507 3272 2576 3330 56

2505 3360 2574 3418 58

2508 3628 2576 3684 64

2506 3716 2576 3773 67

2508 3805 2577 3863 69

533 4134 579 4184 ἱ.
608 4135 690 4185 On
718 4146 776 4185 se
802 4132 1092 4199 rappeflera
1118 4146 1223 4198 que
1250 4133 1329 4185 les
1356 4131 1510 4184 titres
1538 4146 1641 4199 que
1679 4146 1812 4184 nous
1845 4147 2129 4199 marquons
2161 4136 2310 4185 entre
2337 4130 2579 4183 crochets

472 4224 535 4263 ne
564 4226 622 4263 se
651 4216 896 4265 trouvent
924 4226 1018 4277 pas
1045 4212 1177 4265 (lans
1206 4213 1255 4266 le
1281 4213 1589 4265 manuscrit.
