3478 5438
407 996 547 1072 ⁴52

401 1458 539 1529 ⁴53

393 2256 536 2330 ¹154

388 2724 527 2793 ¹155

384 3187 525 3257 456

382 3649 523 3720 457

379 4116 518 4185 ¹158

1316 509 1596 562 mooun.

843 648 1037 747 quod
1074 649 1471 724 subintrare
1505 652 1762 742 valeat,

839 787 1013 861 sepe
1045 770 1347 862 temptat
1379 772 1462 839 et
1490 766 1764 841 laborat

838 885 919 952 ut
955 889 1319 977 acceptum
1358 881 1746 979 possideat.

937 994 1076 1069 Sed
1107 995 1287 1070 hanc
1322 997 1582 1071 malam
1615 999 2082 1091 voluntatem,

835 1111 973 1185 hoc
1004 1111 1343 1202 studium,
1384 1113 1571 1188 hunc
1606 1114 1924 1190 laborem

836 1225 1271 1322 credendum
1308 1240 1416 1303 est
1450 1255 1584 1329 per
1619 1231 1932 1310 divinam

836 1341 1059 1417 ruisse
1095 1343 1643 1442 providentiam,

930 1463 1247 1556 Namque
1284 1459 1463 1536 infra
1498 1487 1818 1540 mensem
1853 1489 2074 1542 unum

835 1573 924 1648 ad
961 1574 1098 1648 hoc
1132 1577 1400 1650 mahm
1434 1589 1854 1656 renovatum

833 1693 1021 1765 Deus
1058 1691 1345 1788 quidem
1384 1692 1727 1770 ultionum

830 1803 1171 1904 imposuit
1206 1805 1425 1882 finem
1460 1833 1752 1886 novum.

772 2046 898 2112 De
935 2049 1298 2118 secunda
1334 2051 1713 2134 captione
1750 2053 2125 2124 Gerardi.

926 2265 1100 2336 Nam
1136 2264 1390 2339 accidit
1425 2267 1618 2364 quod
1658 2253 2012 2344 Gersrdus

830 2385 1143 2453 castrum
1170 2361 1481 2454 ‘habendi
1521 2382 1822 2480 cupidus

825 2501 987 2567 ante
1024 2500 1336 2568 castrum
1372 2503 1513 2569 stat
1550 2499 1863 2574 munitus

824 2607 916 2682 de
953 2611 1239 2684 armatis
1274 2609 1613 2687 militibus
1658 2641 1672 2686 :

922 2733 995 2800 et
1022 2726 1224 2825 jubet
1260 2736 1423 2803 ante
1458 2730 1726 2805 exitum

824 2841 926 2915 sic
962 2844 1197 2940 parari
1234 2845 1625 2921 exercitum

822 2964 898 3031 ut
936 2956 1057 3032 illo
1089 2960 1396 3035 intrante
1434 2972 1745 3038 castrum

823 3072 1087 3148 intrent
1122 3100 1370 3151 omnes
1406 3078 1547 3151 cito
1584 3103 1852 3153 secum.

918 3189 1041 3265 Cui
1079 3199 1323 3287 preter
1358 3216 1561 3291 spem
1596 3194 1848 3285 accidit
1893 3222 1908 3267 :

710 3364 715 3375 .
819 3328 982 3377 nam
1016 3306 1197 3379 sicut
1234 3308 1580 3406 propheta
1616 3309 1812 3400 dicit,

822 3418 1163 3496 insultans
1200 3423 1380 3497 male
1417 3425 1671 3499 cecidit

816 3534 890 3608 in
926 3536 1253 3636 laqueum
1292 3563 1509 3639 quem
1544 3542 1846 3617 tetendit

914 3660 987 3725 et
1022 3652 1267 3728 incidit
1301 3656 1373 3729 in
1410 3656 1690 3732 foveam

818 3791 1033 3864 quam
1064 3770 1476 3869 prophanus
1512 3773 1675 3848 feeit
1711 3772 1902 3847 idem

816 3878 909 3958 sd
944 3884 1169 3985 ipsius
1203 3888 1594 3986 perniciem

814 4008 975 4075 ante
1008 4003 1272 4078 castelli
1295 4004 1612 4105 januam.

862 4148 874 4154 ·
913 4121 1091 4192 Nam
1127 4144 1290 4194 cum
1326 4120 1592 4215 intrare
1628 4123 1909 4199 estimat

814 4241 891 4307 ut
928 4233 1083 4307 fieri
1121 4233 1562 4328 decreverat,

2429 517 2516 572 195
