3478 5438
1330 487 1666 542 omnum.
2492 493 2553 548 97

883 614 1013 697 sed
1047 622 1290 698 divisit
1322 648 1454 722 per
1488 624 1845 722 principes

882 738 1406 814 conservandos
1439 739 1769 814 fideliter.

444 855 590 924 556
979 853 1190 930 Redit
1223 879 1425 929 cesar
1459 855 1594 929 hoe
1629 862 1921 953 peracto

880 977 954 1044 et
988 971 1365 1044 Galcherus
1400 970 1458 1044 it
1491 995 1654 1044 oum
1690 995 1805 1059 eo,

880 1085 1003 1181 qui
1038 1109 1174 1183 pro
1209 1085 1402 1185 regis
1438 1085 1730 1162 servitio

879 1209 1200 1274 moratur
1234 1200 1308 1273 in
1343 1199 1640 1299 palatio¹
1655 1256 1672 1274 .

444 1317 586 1386 557
976 1318 1306 1415 Regressi
1342 1325 1508 1390 sunt
1541 1324 1712 1391 tunc
1746 1315 1979 1391 cleriei

879 1431 1002 1528 qui
1039 1431 1368 1531 fugerant
1402 1441 1474 1506 et
1503 1431 1658 1506 laici

876 1545 970 1619 ad
1006 1545 1184 1620 hanc
1218 1545 1498 1634 urbem,
1543 1545 1670 1620 sed
1707 1569 1872 1621 cum
1903 1546 2007 1622 eis

875 1661 1159 1758 presul²
1195 1685 1338 1734 non
1372 1669 1610 1759 potest
1647 1659 1949 1760 ingredi.

442 1777 582 1847 558
978 1777 1165 1850 Grex
1201 1775 1391 1851 enim
1425 1784 1618 1851 totus
1654 1776 1916 1850 civium

876 1889 1010 1965 sibi
1047 1900 1259 1990 negat
1291 1889 1658 1965 introitum
1701 1918 1716 1964 :

877 2004 1040 2078 inde
1075 2003 1272 2079 vadit
1307 2005 1656 2080 luciacum
1874 2097 1882 2104 .

877 2119 969 2194 ad
1003 2119 1372 2218 antiquum
1406 2119 1860 2218 hospitium³.

550 2361 782 2444 Quod
817 2359 1278 2430 Galoherus
1313 2363 1422 2430 ad
1457 2375 1753 2444 papam
1792 2363 1897 2429 ab
1937 2362 2433 2445 imperatore

1243 2469 1362 2534 sit
1397 2469 1732 2536 missus.

440 2683 582 2755 559
973 2680 1306 2781 Ejusdem
1340 2681 1504 2756 anni
1539 2682 1903 2781 tempore*

876 2820 1006 2869 rex
1040 2797 1231 2872 idem
1266 2796 1714 2873 Alemanniae

874 2911 1009 2985 sub
1045 2936 1340 3013 magnae
1370 2914 1566 3010 pacis
1601 2912 1839 3011 specie

875 3027 1190 3101 decrevit
1225 3034 1522 3104 Romam
1556 3052 1887 3127 pergere.

442 3144 584 3214 560
975 3147 1204 3233 Quare
1239 3144 1562 3241 premisit
1597 3144 1879 3217 nuntios

875 3258 1068 3333 viros
1101 3259 1517 3357 prudenteS,
1562 3260 1897 3356 optimos,

511 3524 562 3579 1.
602 3522 694 3581 On
721 3524 843 3585 voit
869 3540 980 3599 que
1009 3524 1276 3585 Gauoher
1303 3542 1378 3584 ne
1404 3542 1466 3583 se
1497 3524 1716 3600 croyait
1752 3540 1855 3598 pas
1891 3538 1966 3581 en
2003 3520 2193 3580 strete
2220 3522 2256 3577 ὰ
2283 3520 2543 3579 Cambrai

435 3611 538 3670 des
567 3612 706 3687 qu’il
733 3612 831 3688 n’y
857 3614 1013 3672 avait
1037 3631 1160 3689 pas,
1189 3631 1332 3689 pour
1359 3614 1718 3691 le'proteger,
1739 3614 1824 3672 les
1843 3618 2073 3688 troupes
2092 3610 2164 3669 de
2185 3609 2542 3685 l’empereur.

507 3702 563 3761 2.
603 3701 891 3778 L’eveque
917 3702 1103 3763 Odon.

487 3789 561 3848 ·3.
601 3788 804 3864 Gomp.
833 3790 963 3864 plus
991 3792 1136 3850 haut
1163 3798 1264 3852 etr.
1295 3792 1422 3851 495.

505 3878 558 3933 4.
601 3878 782 3953 G’est,
824 3896 898 3937 en
941 3880 1100 3951 effet,
1143 3896 1216 3938 en
1262 3880 1400 3938 1109
1442 3897 1553 3955 que
1579 3878 1763 3938 Hem-i
1796 3880 1848 3936 V
1877 3895 2101 3953 envoya
2134 3878 2169 3935 ὲ
2206 3878 2391 3936 Rome
2427 3894 2545 3935 une

435 3965 772 4026 ambassade
807 3968 1047 4042 chax-geo
1079 3968 1152 4027 de
1190 3970 1396 4029 sunder
1433 3967 1516 4027 les
1555 3969 1923 4044 dispositione
1958 3966 2037 4025 du
2075 3983 2221 4041 pape
2260 3964 2459 4025 Pasoel
2486 3964 2545 4021 Π

435 4056 663 4124 (Annal.
695 4058 1074 4126 Hildesheim„
1108 4076 1162 4133 p.
1200 4058 1346 4119 112).
1389 4058 1549 4116 Dans
1577 4058 1636 4117 la
1659 4058 1911 4116 Version
1940 4058 2216 4127 freno-eise
2241 4071 2318 4113 ou
2345 4061 2545 4112 trouve

439 4146 710 4218 mal-queo
738 4144 958 4205 l’annee
986 4146 1122 4205 1104
1157 4148 1230 4221 (p.
1265 4148 1391 4221 519,
1423 4164 1484 4205 n.
1506 4146 1574 4204 27
1599 4150 1791 4219 extr.).
1826 4147 1979 4205 C’est
2003 4161 2118 4203 une
2146 4160 2341 4203 erreur
2364 4142 2546 4200 mani·

440 4231 601 4290 feste.
2264 4321 2293 4377 7
