3478 5438
1311 528 1651 582 omnam.
2479 538 2536 589 21

868 662 1203 761 paulatim
1240 663 1764 764 conquiescere,

439 779 576 851 407
970 802 1115 853 non
1151 786 1380 853 cessat
1415 788 1652 855 tamen
1691 780 1895 856 solita

866 901 1266 968 casatorum
1300 894 1632 993 superbia

867 1034 1001 1083 nec
1036 1032 1286 1084 eorum
1324 1010 1608 1099 malitia,

381 1219 385 1223 .
867 1124 1050 1198 sicut
1083 1122 1316 1197 dicam
1351 1124 1654 1199 inantea.

435 1244 573 1313 408
965 1245 1143 1314 Nam
1177 1244 1383 1339 Hugo
1420 1249 1492 1314 et
1528 1239 1922 1316 Amolricus

865 1361 939 1430 et
972 1360 1324 1429 Manasses
1360 1362 1429 1429 et
1467 1356 1787 1432 Ansellus

865 1470 1205 1545 nominati
1243 1472 1603 1569 superius¹

865 1586 1210 1666 adversus
1247 1586 1445 1661 illum
1479 1588 1770 1688 gravius

433 1704 570 1777 409
964 1711 1564 1778 consurrexerunt
1601 1704 1939 1803 undique,

863 1818 1190 1894 timentes
1225 1825 1459 1893 castra
1492 1818 1799 1916 perdere

863 1958 1046 2032 quae
1081 1941 1492 2009 struxerant
1527 1932 1763 2009 illicite

864 2046 1039 2124 dum
1075 2056 1277 2122 erant
1312 2048 1465 2123 sine
1502 2049 1816 2146 presule.

429 2167 569 2238 440
961 2162 1328 2239 Timebant
1365 2163 1536 2238 illud
1574 2165 1788 2239 etiam

861 2278 1054 2377 quod
1090 2287 1340 2353 contra
1376 2278 1557 2354 hanc
1594 2280 1956 2356 ecclesiam

860 2401 934 2469 et
969 2393 1170 2493 regni
1203 2394 1700 2470 rectitudinem

865 2517 1096 2585 terras
1131 2534 1295 2584 suas
1331 2519 1748 2608 receperant

426 2629 553 2701 444
960 2624 1051 2701 de
1087 2626 1345 2701 comite
1380 2626 1944 2718 flandrensium,

867 2741 1060 2839 quod
1095 2742 1404 2816 fecerant
1438 2742 1831 2818 hominium

860 2863 932 2929 et
966 2856 1160 2953 quod
1197 2855 1288 2932 de
1323 2856 1442 2931 illo
1477 2857 1855 2956 proprium

859 2970 1161 3070 quisque
1195 2970 1484 3047 tenebat
1516 2972 1840 3071 opidum.

427 3088 566 3162 442
956 3086 1066 3161 Hii
1101 3094 1405 3184 quatuor
1439 3086 1602 3184 plus
1638 3089 1893 3166 ceteris

857 3228 990 3301 per
1025 3202 1172 3277 vim
1208 3203 1502 3277 Roberti
1538 3205 1857 3280 comitis²

856 3325 1191 3416 premunt
1223 3326 1491 3393 terram
1526 3319 1806 3420 flagitiis

856 3442 925 3509 et
964 3434 1296 3509 omnibus
1331 3433 1660 3509 miseriis,

422 3552 564 3622 443
952 3549 1065 3625 Sic
1099 3551 1430 3627 Galcerus
1468 3552 1939 3628 circumdatus

852 3664 1113 3740 horum
1147 3667 1760 3764 oppressionibuS,

855 3779 983 3853 sed
1020 3780 1328 3856 maxime
1363 3782 1700 3857 sollicitus

488 4002 538 4057 1.
579 3999 777 4073 Comp.
811 3998 943 4074 plus
971 3999 1111 4057 haut
1143 4005 1242 4059 str.
1276 3987 1457 4060 61-63.

484 4089 538 4147 2.
569 4089 732 4147 Nous
760 4106 835 4147 ne
862 4096 1134 4147 trouvons
1162 4091 1482 4165 cependant
1507 4106 1696 4150 aucun
1725 4092 1915 4152 indice
1935 4093 2106 4152 d'une
2133 4093 2503 4152 interventim

415 4176 599 4235 active
644 4176 720 4235 du
758 4185 944 4236 comte
984 4177 1055 4235 de
1088 4176 1336 4238 Flandre
1376 4178 1520 4239 dans
1563 4188 1714 4241 cette
1758 4181 1907 4241 lutto
1948 4188 2110 4240 entre
2156 4181 2411 4258 l’cveque
2451 4182 2503 4240 d«

415 4264 677 4324 cambrai
703 4271 763 4325 et
788 4282 882 4324 ses
908 4281 1172 4326 vassaux.
