3478 5438
1017 461 1104 514 136

1061 827 1154 894 98

1057 1285 1148 1355 99

1009 1746 1146 1816 400

1009 2208 1132 2277 404

1007 2668 1144 2743 402

1005 3131 1142 3202 ⁴03

1003 3588 1140 3662 ⁴04

1001 4048 1139 4118 ⁴05

1964 455 2165 506 GESTA

1447 589 1705 664 bibunt
1738 613 1859 662 eas
1891 596 1963 660 et
1998 587 2403 676 comedunt,

1445 713 1516 778 et
1553 727 1903 803 pauperes
1938 703 2277 778 esuriunt.

1545 818 1658 894 Sic
1693 841 2041 894 annorum
2074 844 2217 894 non
2252 819 2531 896 modico

1445 942 1895 1032 pretereunte
1929 936 2235 1010 termino

1444 1050 1577 1125 fuit
1609 1074 1855 1136 rerum
1890 1049 2253 1125 distractio

1442 1172 1515 1239 et
1550 1165 1844 1265 inopum
1877 1165 2167 1240 oblivio.

1541 1280 1681 1356 Sed
1713 1287 1898 1356 Deus
1935 1288 2171 1355 rector
2207 1282 2525 1356 omnium

1443 1397 1564 1494 qui
1602 1396 2085 1473 Werimboldo
2122 1398 2435 1472 animum

1443 1512 1788 1586 excitarat
1823 1536 1955 1610 per
1990 1511 2322 1609 spiritum

1443 1628 1534 1702 ad
1570 1628 1883 1701 solamen
1920 1627 2307 1726 egentium,

1538 1743 1692 1840 ipse
1729 1742 1819 1816 ad
1856 1743 1992 1817 hoc
2026 1742 2373 1841 hospitale
2514 1798 2519 1809 .

1440 1859 1607 1934 fecit
1638 1883 1804 1933 eum
1842 1866 2329 1933 transcurrere

1439 1983 1652 2070 atque
1690 1973 1901 2047 nimis
1938 1973 2229 2048 sollicite

1441 2088 1530 2162 de
1561 2089 1680 2163 illo
1716 2088 2213 2164 intromittere.

1537 2203 1646 2279 Ad
1681 2205 1817 2278 hoc
1852 2210 2037 2280 Deus
2074 2204 2470 2279 beneficum

1441 2319 1777 2394 animavit
1812 2330 1880 2395 et
1918 2321 2265 2419 populum

1439 2444 1518 2509 ut
1554 2445 1842 2510 orarent
1877 2435 2439 2514 Werimboldum

1438 2552 1730 2627 domum
1769 2552 2034 2626 intrare
2074 2578 2493 2651 pauperum.

1535 2671 1734 2743 Dono
1771 2667 2060 2743 tandem
2095 2667 2434 2768 episcopi,

1436 2784 1773 2882 petitione
1809 2784 2055 2882 populi

1437 2898 1722 2971 ultravit
1760 2898 1991 2973 aulam
2026 2900 2301 2974 Domini

1439 3036 1646 3087 causa
1683 3014 1791 3087 sui
1830 3014 2123 3089 servitii.
2352 3104 2364 3114 ,

1535 3134 1713 3203 Ecce
1751 3129 1981 3203 cultor
2016 3130 2397 3207 catholicus

1435 3244 1658 3344 magis
1696 3244 2062 3345 magisque
2099 3245 2443 3345 providus

1433 3359 1523 3434 de
1561 3360 1959 3435 commissis
1994 3362 2429 3461 pauperibus

1435 3476 1728 3551 domum
1764 3476 2027 3574 incepit
2060 3478 2265 3553 altius

1529 3590 1915 3665 informare
1951 3592 2043 3667 de
2080 3595 2402 3683 cameris,

1434 3731 1780 3782 renovare
1817 3706 1907 3781 de
1941 3708 2240 3797 lectuIiS,

1434 3820 1522 3893 de
1561 3820 1894 3910 culcitris,
1938 3822 2029 3897 de
2065 3822 2297 3897 linteis

1435 3941 1507 4007 et
1540 3932 1632 4007 de
1669 3936 2159 4033 coopertoriis.

1459 4058 1462 4061 ’
1527 4034 1948 4123 Emendavit
1982 4060 2055 4125 et
2088 4052 2467 4149 porticum,

1432 4163 1772 4239 maceries
1808 4174 1879 4239 et
1915 4166 2194 4255 solium,
