3478 5438
991 933 1135 1010 364

990 1404 1132 1475 365

987 1864 1127 1937 366

982 2328 1123 2400 367

979 2788 1119 2859 368

976 3249 1116 3319 369

975 3711 1115 3781 370

970 4174 1097 4245 371

1938 452 2143 506 amn

1454 717 1580 783 De
1626 729 2036 783 succursu
2080 713 2631 795 imperatorin.

1525 941 1716 1010 Tunc
1751 934 2055 1033 presulis
2090 933 2599 1033 conquestibus

1425 1051 1817 1150 imperator
1852 1051 2197 1126 excitatus

1425 1190 1839 1244 succursum
1872 1166 2069 1242 misit
2106 1165 2433 1265 protinus

1426 1282 1518 1358 de
1553 1281 1903 1358 sexcentis
1938 1281 2306 1359 militibus.

1521 1401 1774 1474 Comes
1808 1397 1921 1472 ille
1959 1399 2391 1473 Lovanensis

1422 1513 1622 1612 prius
1657 1515 2003 1590 ducentos
2038 1513 2264 1588 tenuit

1421 1638 1495 1704 et
1528 1630 1852 1728 pontifex
1888 1628 2248 1728 Legiensis

1422 1755 1587 1844 post
1621 1746 1736 1820 hic
1772 1754 2127 1821 trecentos
2164 1744 2434 1820 habuit.

1515 1866 1678 1936 Mox
1713 1861 2007 1936 mandat
2042 1886 2169 1936 rex
2208 1885 2287 1936 se
2324 1858 2567 1936 venire

1421 1986 1632 2078 atque
1667 1978 1831 2053 urbi
1868 2001 2309 2066 succurrere,

1419 2093 1640 2166 immo
1677 2093 2067 2168 Robertum
2102 2092 2470 2167 Flandriae

1417 2207 1714 2282 viriliter
1750 2207 2119 2306 repellere.

1513 2323 1652 2398 Sed
1690 2324 2027 2398 succursu
2064 2323 2199 2397 hoc
2234 2347 2563 2424 regresso

1416 2438 1923 2538 expectabatur
1959 2439 2193 2514 denuo

1405 2554 1507 2629 'ab
1544 2555 1680 2630 isto
1718 2578 1946 2653 parvo
1983 2553 2252 2652 populo

1415 2669 1716 2744 civitatis
1751 2667 2085 2767 perditi0.

1511 2783 1696 2859 Urbs
1731 2784 1921 2857 enim
1960 2790 2069 2857 est
2104 2782 2559 2880 pauperrima

1414 2899 1504 2973 de
1541 2897 1775 2995 plebe,
1818 2895 1909 2969 de
1946 2896 2218 2985 militia,

1414 3019 1487 3088 et
1521 3011 1793 3086 eisdem
1832 3035 1973 3084 non
2011 3010 2260 3085 aderat

1409 3128 1833 3201 alterutrum
1868 3126 2141 3201 fidutia.

1508 3246 1682 3316 Nam
1721 3242 2011 3341 quidam
2048 3240 2291 3315 dicunt
2328 3239 2633 3313 invicem
2676 3262 2695 3310 t

1414 3358 1560 3435 Cur
1587 3361 1897 3456 patimur
1938 3358 2210 3453 lonqam
2244 3356 2577 3431 mortem?

1407 3474 1839 3571 Recipiamus
1872 3474 2177 3545 comitem

1411 3600 1477 3665 et
1513 3588 1880 3663 habeamus
1916 3588 2246 3683 requiem.

1507 3709 1656 3778 Hoc
1691 3704 1883 3778 cives
1918 3700 2093 3774 moti
2132 3699 2351 3774 dubio

1409 3820 1821 3919 quesierunt
1856 3816 2196 3916 episcopo

1407 3934 1746 4010 Galchero
1782 3958 1915 4009 suo
1951 3932 2243 4009 domino

1408 4056 1488 4123 ut
1520 4073 1657 4147 pro
1693 4048 2011 4149 ejusdem
2052 4044 2430 4122 commodo

1503 4190 1753 4241 omnes
1790 4164 1946 4239 illos
1985 4161 2457 4239 communiter
