3478 5438
493 704 584 776 68

495 1169 585 1238 69

492 1631 583 1700 70

494 2092 571 2164 7⁴

495 2557 593 2632 72

497 3023 589 3094 73

499 3481 592 3557 74

501 3946 596 4018 75

1350 453 1627 506 huconi.

874 593 1119 661 cuneta
1157 585 1394 660 reddit
1426 585 1810 666 liberrima.

972 707 1073 776 De
1108 711 1353 778 saneto
1388 726 1673 802 quoque
1706 704 2079 794 Antberto,

876 821 1121 894 Castro
1156 824 1355 894 Novo
1388 819 1814 918 composito,

880 932 1203 1008 coneedit
1237 940 1318 1007 ut
1352 933 1443 1008 de
1478 933 1778 1033 proprio

875 1049 1268 1148 potentiam
1302 1048 1641 1148 episeopo
1685 1078 1702 1124 :

915 1239 919 1242 ,
977 1163 1103 1253 ita,
1142 1163 1460 1263 inquam,
1502 1165 1696 1263 quod
1734 1165 2052 1265 pontifex

878 1279 1253 1379 aliquando
1286 1280 1349 1356 si
1386 1303 1570 1380 opus
1606 1290 1715 1358 est

877 1404 1097 1495 ponet
1131 1395 1202 1470 in
1238 1421 1327 1474 eo
1360 1395 1621 1472 milites

878 1533 1043 1586 cum
1080 1510 1397 1586 Gerardo
1432 1511 1927 1586 communiter.

968 1631 1138 1702 Mox
1173 1627 1505 1727 eis[dem]
1548 1627 1950 1704 hominibus

878 1743 970 1818 ad
1002 1741 1343 1840 placitum
1374 1742 1826 1842 presentibus

879 1857 1235 1934 Gerar-dus
1270 1857 1477 1934 miles
1508 1858 1822 1957 optimus

880 1973 965 2047 fit
995 1973 1265 2072 presuli
1299 1973 1414 2046 vir
1443 1971 1695 2074 legius.

977 2093 1229 2164 Faetus
1264 2088 1481 2164 homo
1516 2087 1639 2164 dat
1656 2087 1889 2162 etiam

882 2205 1221 2302 episeopo
1254 2203 1577 2279 fidutiam

882 2329 1030 2395 tam
1064 2344 1198 2418 per
1234 2326 1515 2394 sanctos
1552 2341 1770 2416 quam
1806 2341 1940 2416 per
1973 2316 2190 2392 fidem

884 2436 1065 2510 hane
1102 2433 1430 2510 servandi
1466 2433 1970 2508 concordiam.

981 2551 1154 2625 Inde
1186 2573 1363 2626 vero
1397 2548 1820 2647 multiplices

882 2666 1199 2767 pontifici
1234 2665 1358 2742 dat
1390 2665 1681 2743 obsides

886 2793 971 2859 ut
1004 2808 1124 2859 res
1157 2784 1339 2859 sacta
1374 2791 1523 2857 tam
1556 2780 1858 2859 fimiter

885 2901 1309 2976 observetur
1342 2898 1825 2997 perhenniter.

982 3015 1117 3107 Qui
1150 3016 1429 3091 fuerunt
1464 3023 1635 3089 tune
1666 3012 2016 3111 temporis

885 3130 1132 3206 vident
1167 3129 1361 3227 quod
1398 3128 1691 3227 quidam
1724 3126 1930 3225 pueri

891 3248 962 3347 [a
993 3244 1337 3343 Geras-do]
1376 3242 1733 3373 pignorati

886 3361 961 3437 in
999 3361 1215 3436 domo
1252 3369 1419 3435 sunt
1451 3358 1793 3457 episcopi.

984 3480 1165 3555 Sunt
1200 3484 1275 3551 et
1308 3468 1653 3573 quidam
1633 3500 1709 3550 m
1745 3474 1897 3549 aliis

886 3594 1339 3670 dominorum
1370 3590 1697 3692 hospitiis

887 3708 1008 3806 qui
1048 3717 1215 3783 sunt
1251 3706 1659 3783 defensores
1694 3706 1896 3805 regni

887 3831 961 3898 et
994 3822 1243 3897 fideles
1278 3821 1619 3921 episcopi.

986 3942 1135 4013 Stat
1170 3936 1526 4015 Get-ardus
1563 3936 1636 4009 in
1672 3934 1920 4033 requie

891 4062 1129 4129 custos
1164 4052 1369 4128 istius
1400 4050 1671 4151 patriae

892 4191 1183 4244 servans
1218 4166 1436 4241 fidem
1472 4163 1776 4263 pollicite

2460 457 2546 510 183
