3478 5438
1273 993 1679 1090 [GESTA
1759 997 2487 1088 annonam.
2562 941 2789 1087 '1121

1202 1563 1407 1631 Item
1451 1563 1552 1630 dc
1598 1562 1889 1629 domno
1932 1561 2418 1634 Burohardo
2466 1563 2851 1644 episcopo

1727 1667 2327 1737 cameracensi.

1073 1920 1103 1990 4
1361 1914 1536 2004 Quia
1571 1913 1965 2013 periculum
2000 1937 2157 1988 esse
2192 1913 2551 2011 conspicio

1264 2053 1743 2129 magnumque
1779 2028 2023 2104 odium
2057 2029 2320 2104 mereri
2352 2029 2569 2102 timeo

1223 2138 1649 2220 -‘Burchardi
1686 2144 1990 2244 presulis
2024 2143 2081 2219 si
2120 2145 2343 2220 vitam
2378 2145 2758 2243 scripsero,

1267 2260 1520 2334 iccirco
1555 2260 1865 2334 scribere
1900 2262 2392 2358 nequaquam²
2427 2260 2682 2335 audeo.

1074 2376 1122 2450 2
1365 2379 1588 2466 Quem
1625 2375 1684 2450 si
1720 2374 2103 2450 laudavero
2138 2376 2260 2450 ubi
2298 2401 2439 2450 non
2476 2377 2759 2466 meruit,

1269 2490 1330 2565 si
1360 2489 1888 2589 rep·.·ehendero
1920 2491 2045 2565 uhi
2077 2514 2219 2565 non
2254 2491 2545 2580 corruit,

1267 2629 1384 2681 me
1419 2605 1708 2704 quidem
1744 2607 1983 2705 potius
2015 2606 2223 2682 silere
2252 2607 2489 2682 decuit

1266 2748 1482 2821 quam
1516 2723 1689 2799 illud
1724 2723 1963 2801 dicere
1999 2723 2193 2823 quod
2231 2723 2471 2799 odium
2509 2723 2721 2823 parit.

1077 2842 1118 2911 3
1363 2843 1539 2913 Nam
1573 2838 1817 2914 laudes
1852 2838 2157 2915 hominis
2194 2839 2365 2914 dum
2401 2839 2577 2913 vivit
2607 2837 2919 2914 scribere

1268 2962 1481 3053 atque
1518 2956 1969 3055 magnificum
2004 2956 2201 3030 illum
2232 2978 2683 3053 componere,

1267 3076 1376 3143 est
1410 3068 1719 3144 adulatio
1754 3070 1869 3145 vel
1906 3078 2155 3145 votum
2188 3069 2455 3170 gratiae

1267 3184 1381 3258 vel
1415 3186 1704 3259 avaritia
1741 3194 1991 3284 patens
2028 3186 2389 3286 pecuniae.

1076 3298 1122 3371 4
1215 3309 1224 3322 “
1365 3300 1506 3375 Sed
1537 3326 1670 3400 ego
1709 3326 1840 3375 nec
1874 3300 2156 3376 laudem
2191 3328 2413 3400 quero
2448 3326 2580 3375 nec
2614 3301 2913 3401 gratiam

1272 3439 1401 3489 neo
1438 3424 1610 3514 opto
1647 3416 1959 3491 scribere
1996 3426 2295 3516 propter
2329 3419 2699 3516 pecuniam
2744 3444 2759 3491 :

1269 3529 1396 3605 sed
1433 3531 1598 3629 quia
1627 3556 1785 3606 rem
1820 3557 2034 3607 cerno
2072 3558 2355 3632 semper
2386 3534 2805 3621 mirabilem,

1269 3645 1430 3719 hinc
1465 3646 1629 3720 volo
1666 3646 1973 3744 posteris
2010 3646 2196 3723 ferre
2227 3648 2670 3724 memoriam.

1078 3764 1120 3830 5
1365 3761 1435 3837 Si
1469 3762 1660 3836 enim
1695 3768 1998 3860 expecto
2036 3774 2341 3841 mortem
2374 3763 2702 3839 antistitis

1053 4036 1106 4090 1.
1149 4034 1350 4109 Co‘mp.
1383 4038 1786 4103 Introduction,
1820 4054 1983 4095 num.
2017 4038 2103 4095 16.

1049 4122 1104 4181 2.
1141 4140 1513 4195 nequaquam.
1547 4124 1708 4183 Dans
1736 4126 1791 4183 le
1818 4143 1927 4184 ωε.
1962 4126 2263 4185 au-dessus
2290 4126 2363 4186 de
2390 4127 2447 4185 la
2473 4128 2646 4203 ligne.
