3478 5438
445 647 538 717 75

447 1106 540 1177 76

443 1567 534 1637 77

439 2028 535 2098 78

438 2491 536 2560 79

441 2954 535 3024 80

444 3416 522 3485 81

1217 508 1608 561 nummum.
1640 513 1679 562 1.

931 647 1029 716 De
1067 642 1201 715 isto
1236 641 1458 716 enim¹
1500 639 1714 716 feodo

831 767 1000 832 tunc
1037 758 1217 832 sacta
1254 768 1364 832 est
1396 757 1761 833 concessio

829 901 871 948 a
907 873 1128 948 milite
1163 881 1243 950 et,
1273 872 1562 947 domino

829 1013 1070 1063 coram
1106 987 1295 1084 clero
1333 998 1404 1063 et
1440 989 1731 1086 populo.

930 1103 1123 1178 Fecit
1158 1104 1358 1177 miles
1397 1111 1914 1180 sacramentum

829 1227 902 1293 et
937 1217 1179 1317 presul
1214 1217 1665 1317 privilegium

831 1341 912 1409 ut
948 1358 1133 1408 nunc
1167 1342 1238 1407 et
1276 1333 1346 1407 in
1385 1343 1807 1432 perpetuum

830 1451 965 1523 hoc
999 1447 1287 1523 feodum
1327 1449 1418 1523 sit
1454 1457 1840 1525 mortuum.

931 1567 1105 1637 Ecce
1141 1572 1349 1661 porta
1387 1572 1497 1638 est
1533 1565 1863 1640 omnibus

828 1687 1072 1777 aperta
1109 1677 1618 1778 gradientibus,

828 1793 1008 1867 liber
1044 1801 1254 1891 atque
1295 1792 1673 1868 letissimus

828 1909 1044 1982 intrat
1081 1915 1154 1981 et
1189 1907 1334 1982 exit
1369 1909 1698 1984 rusticus.

927 2023 1263 2098 Exultant
1296 2048 1471 2123 ergo
1508 2025 1748 2099 rustici

830 2138 918 2213 de
955 2137 1157 2212 ruina
1193 2137 1469 2236 pedagii

831 2252 955 2352 qui
992 2261 1153 2328 ante
1191 2253 1537 2328 tributarii

831 2369 1047 2446 modo
1082 2371 1264 2444 fiunt
1298 2369 1635 2444 liberrimi
1683 2399 1696 2443 :

928 2494 1001 2561 et
1037 2485 1565 2562 werimboldus
1601 2487 1961 2586 pontisex²

831 2599 1231 2701 congaudet
1261 2611 1562 2700 propter
1594 2628 1946 2702 pauperes

832 2742 1014 2817 quos
1051 2717 1311 2792 fecerat
1350 2718 1805 2818 perhenniter

831 2832 1224 2908 tutissimos
1263 2841 1337 2908 et
1370 2835 1650 2909 hilares.

927 2950 1059 3040 Qui
1094 2957 1175 3024 ut
1209 2951 1425 3023 homo
1460 2951 1571 3024 vel
1610 2950 1833 3024 bestia

831 3090 964 3164 per
999 3065 1246 3139 callem
1282 3090 1548 3164 equum
1584 3073 1898 3140 transeat

829 3180 919 3255 ad
957 3189 1225 3256 terram
1261 3180 1397 3255 iter
1433 3181 1725 3270 relevat,

835 3296 925 3371 ad
963 3321 1221 3394 aquam
1258 3305 1513 3395 pontes
1547 3305 1869 3371 renovat.

928 3416 1294 3509 Equantur
1328 3437 1460 3511 per
1494 3413 1792 3513 vestigia

830 3533 902 3600 et
936 3527 1210 3625 lapides
1247 3535 1320 3601 et
1356 3527 1616 3604 rudera

833 3665 921 3714 ne
957 3640 1356 3717 offendatur
1393 3643 1616 3718 bestia

833 3782 1012 3854 quae
1043 3757 1184 3832 fert
1218 3766 1339 3832 aut
1373 3760 1588 3833 trahit
1622 3784 1865 3835 onera.

447 3981 518 4069 '1.
560 4017 729 4070 enim.
763 4013 924 4071 Dans
952 4015 1006 4072 le
1034 4030 1145 4072 ms.
1177 4016 1490 4073 au-dessus
1517 4016 1588 4073 de
1619 4016 1672 4073 la
1701 4016 1873 4090 ligne.

465 4104 519 4159 2.
560 4103 638 4161 Ge
665 4111 847 4162 terme
875 4103 946 4161 de
966 4107 1218 4175 pontifex
1244 4111 1338 4163 est
1360 4103 1624 4178 employe
1652 4104 1724 4162 ici
1758 4105 1902 4163 dans
1931 4121 2034 4162 son

396 4191 567 4266 gique
593 4191 767 4258 (celui
795 4192 896 4266 qui
924 4209 986 4250 se
1013 4192 1222 4267 charge
1250 4193 1320 4251 de
1348 4193 1673 4251 l'entretien
1702 4195 1804 4252 des
1833 4202 2037 4268 ponts:

400 4280 501 4337 bas
530 4286 630 4338 stt.
662 4280 870 4350 82-86),
902 4297 1040 4338 avec
1067 4298 1182 4338 une
1211 4281 1495 4339 intention
1526 4281 1793 4339 evidente
1819 4282 1891 4340 de
1911 4282 2008 4355 jeu
2037 4311 2039 4328 ι

2415 496 2504 567 133‘
