3478 5438
1305 479 1566 533 onoma.
2396 477 2481 534 1¹1

379 615 580 697 nem¹
593 671 614 690 .
677 617 816 690 Pro
873 613 1094 692 multa
1139 613 1356 690 etiam
1411 611 1686 714 argenti
1733 611 2031 710 pectinis
2083 611 2489 712 pignoravit

379 732 782 808 thelonmm
823 740 898 806 et
934 729 1335 806 molendina
1370 738 1446 806 et
1499 729 1809 828 quedam
1864 728 1997 803 alia
2052 727 2241 802 bona
2298 727 2489 826 epis—

379 873 563 948 copo
613 845 1037 946 pertinentia
1051 903 1072 934 ‚
1127 852 1210 921 ut
1253 847 1534 922 futurus
1576 845 1956 945 episcopus
1998 852 2249 920 maneta
2292 843 2489 918 inve·-

377 962 564 1040 niret
583 960 951 1060 impedita.
984 963 1208 1050 Quem
1224 960 1316 1035 ad
1339 983 1420 1036 se
1438 960 1843 1036 venientem
1868 960 2167 1036 Pascalis
2193 967 2489 1059 paterne

377 1078 650 1179 recepit
681 1085 894 1176 atque
915 1075 1400 1176 possessiones
1426 1083 1500 1151 et
1531 1075 1841 1152 honores
1854 1133 1874 1165 ,
1914 1100 2097 1175 quos
2130 1083 2291 1150 ante
2327 1098 2491 1173 pre-

379 1193 684 1270 sulatum
731 1199 1082 1280 tenuerat‚
1137 1190 1273 1265 sibi
1321 1215 1454 1290 per
1505 1189 1847 1292 judicium
1902 1190 2341 1290 recognovit.
2404 1195 2492 1266 Et

377 1310 566 1386 inter
610 1317 858 1384 cetera-
887 1307 954 1382 ei
993 1305 1354 1382 redditum
1397 1305 1925 1382 Braibatensem
1970 1305 2491 1381 archidiacona-

379 1426 574 1501 tum²
609 1424 1055 1500 confirmavit
1086 1423 1186 1498 ita
1219 1422 1440 1499 libere
1475 1421 1843 1522 possidere
1876 1446 2011 1522 per
2042 1421 2492 1523 privilegium

381 1541 578 1640 quod
611 1539 778 1616 inde
807 1537 1286 1616 cameracensi
1323 1537 1659 1637 episcopo
1695 1563 1839 1612 non
1874 1537 2337 1638 responderet
2356 1539 2383 1584 ³
2421 1547 2494 1612 et

382 1681 423 1730 a
479 1677 930 1756 quocumque
991 1653 1205 1728 vellet
1260 1651 1546 1752 presule
1601 1651 1911 1728 chrisma
1965 1651 2037 1726 in
2098 1651 2491 1728 ministerio

379 1794 512 1846 suo
551 1769 928 1869 quotannis
960 1767 1280 1844 haberet.

477 1897 566 1964 3.
595 1897 721 1963 De
746 1893 1221 1978 receptione
1249 1893 1555 1964 odonis
1582 1893 1807 1962 intra.
1832 1895 2143 1962 urbem.
2173 1923 2273 1940 -
2294 1886 2497 1958 Tem-

380 2023 562 2098 pore
598 1998 716 2074 illo
751 2021 992 2074 comes
1015 1997 1366 2072 Robertus
1393 1997 1813 2072 clericorum
1847 1997 2143 2072 consilio
2178 1995 2498 2073 odonem

381 2112 800 2212 episcopum
834 2111 1074 2210 posuit
1111 2111 1183 2186 in
1221 2113 1600 2187 Gameraco
1636 2111 1993 2187 victurum
2036 2111 2125 2186 de
2161 2112 2457 2211 proprio
2471 2168 2492 2201 ‚

383 2251 530 2302 non
587 2226 678 2302 de
739 2225 1188 2326 imperatoris
1255 2225 1626 2302 beneficio.
1697 2228 2089 2326 Episcopus
2151 2226 2285 2303 iste
2299 2284 2319 2318 ,
2386 2227 2499 2301 vir

381 2343 735 2420 litteratus
749 2399 769 2432 ‚
827 2342 1164 2443 magister
1219 2342 1548 2443 egregius
1563 2399 1583 2432 ‚
1634 2343 1911 2441 patiens
1964 2352 2039 2417 et
2094 2343 2459 2418 modestus
2472 2399 2493 2432 ‚

382 2457 666 2533 humilis
686 2458 780 2532 ad
805 2481 1082 2546 omnes,
1109 2465 1389 2532 sanctos
1411 2457 1680 2532 habens
1701 2482 1968 2548 mores,
1994 2458 2155 2550 iste,
2178 2459 2493 2559 inquam,

383 2573 761 2650 bonoravit
812 2573 1106 2649 clericos
1149 2597 1366 2672 super
1401 2599 1652 2650 omnes
1686 2573 2001 2650 ordines.
2060 2576 2267 2666 Quasi
2316 2599 2501 2651 unus

389 2688 482 2765 de
519 2686 860 2764 fratribus
895 2696 1042 2763 tam
1078 2712 1210 2788 per
1243 2687 1434 2763 diem
1468 2713 1684 2788 quam
1705 2712 1839 2787 per
1868 2697 2149 2764 noctem
2170 2689 2503 2789 frequen-

384 2803 566 2879 tavit
597 2803 1033 2893 aecclesiam,
1073 2814 1148 2879 et
1181 2803 1668 2903 possessiones
1699 2804 1855 2905 ejus
1888 2805 2373 2905 augmentavit
2406 2804 2497 2879 de

385 2917 596 2993 bonis
621 2918 1159 3017 temporalibuS.
1200 2918 1302 2993 Nil
1349 2918 1679 3018 exigebat
1718 2926 1963 3017 preter
1993 2918 2371 2995 obsonium
2410 2918 2500 2994 de

387 3032 1034 3123 consecrationibus
1062 3033 1543 3111 ecclesiarum.
1571 3037 1831 3110 Omnes
1866 3032 2223 3134 subjectos
2253 3058 2501 3133 pasce-

387 3147 514 3223 bat
552 3156 628 3224 et
671 3148 1182 3249 multiplicabat
1224 3148 1296 3223 in
1350 3147 1692 3224 doctrinis
1736 3147 2114 3225 celestibus
2158 3147 2501 3246 quemad-

387 3264 683 3340 modum
717 3264 945 3363 pascit
977 3271 1052 3339 et
1091 3262 1509 3364 multiplicat
1542 3288 1716 3339 oves
1752 3288 1914 3339 suas
1948 3271 2197 3363 pastor
2235 3263 2494 3341 bonus.

461 3502 516 3560 1.
556 3501 756 3576 Gomp.
787 3502 927 3561 aest.
956 3502 1230 3571 Listbortt',
1260 3518 1322 3560 n.
1357 3502 1516 3562 16-23
1544 3509 1622 3577 (p.
1645 3502 1903 3571 494496)
1924 3508 1985 3562 et
1998 3503 2140 3563 Gest.
2160 3502 2399 3563 aurardi
2415 3505 2493 3572 II,

389 3608 450 3649 n.
484 3594 584 3651 1-4
616 3592 692 3666 (p.
721 3592 868 3662 498).

460 3678 516 3737 2.
559 3680 756 3753 Comp.
789 3680 921 3755 plus
949 3678 1093 3737 haut
1117 3679 1258 3739 θαι.
1287 3680 1559 3749 Gazam,
1592 3687 1694 3740 etr.
1724 3681 1794 3740 88
1822 3687 1881 3739 et
1906 3682 2032 3740 576.

461 3768 516 3827 3.
557 3768 692 3827 Une
727 3768 1056 3843 exemption
1091 3768 1170 3826 du
1213 3772 1405 3827 meme
1438 3785 1616 3843 genre
1653 3769 1871 3828 semble
1906 3770 2065 3828 avoir
2098 3768 2191 3827 ete
2229 3767 2501 3827 accordee

393 3872 537 3930 pour
559 3874 643 3913 un
669 3862 856 3931 temps
883 3858 917 3915 ὲ
945 3856 1164 3931 l’eglise
1192 3857 1265 3915 de
1293 3856 1548 3916 Tournai
1583 3875 1688 3933 par
1723 3858 1777 3915 le
1812 3861 2004 3916 meme
2032 3874 2177 3932 pape
2212 3856 2415 3915 Pascal
2440 3856 2499 3913 11

396 3944 691 4018 (Hermen.
723 3944 990 4020 Tol-nac,
1017 3948 1266 4005 Rostaur.
1299 3948 1421 4003 abb.
1452 3948 1512 4005 S.
1542 3948 1811 4017 Martini,
1852 3964 1911 4005 n.
1944 3948 2013 4005 98
2042 3953 2212 4021 extr.,
2254 3963 2309 4020 p.
2346 3945 2504 4019 920),

393 4049 618 4092 comme
655 4051 773 4093 une
811 4034 1247 4109 compensation
1289 4052 1364 4094 on
1409 4051 1525 4093 une
1567 4044 1718 4094 sorte
1760 4035 1833 4093 de
1868 4036 2197 4111 mitigation
2234 4034 2307 4093 de
2345 4033 2505 4093 l’etst

395 4120 766 4181 d’inferiorite
791 4128 868 4181 ou
896 4122 954 4181 la
979 4124 1208 4183 mettsit
1234 4140 1343 4183 son
1369 4125 1552 4183 union
1588 4141 1728 4185 avec
1760 4124 1817 4184 le
1845 4124 2004 4199 siege
2030 4124 2103 4184 de
2128 4124 2336 4199 Noyon
2364 4138 2503 4181 sous

397 4208 652 4285 l’eveque
678 4211 751 4270 de
777 4218 926 4271 cette
955 4212 1220 4272 derniere
1247 4212 1404 4273 ville.
